# La strat√©gie de Warren Buffett
## Database

Now that we know how Warren Buffett chooses his stocks, we are going to create a program that takes financial elements from all stock from an API.
For the database, we are going to take care of the data of the last 10 years of each stock.

We need 3 types of elements :
1. Constant elements :
   1. Name of company
   2. Ticker
   3. Sector
   4. Country

2. Financial element from the last 20 years :
   1. Revenue
   2. Cost of revenue
   3. Net income
   4. Total liabilities
   5. Total assets
   6. Cash and cash equivalents
   7. Research and development expenses
   8. Retained earnings
   9. Operating expenses
   10. Total stockholders equity
   11. Common stock number

For this we are going to take financialmodelingprep.com API.
We need 5 links :

| Link                                                                                                                            | Utility                                                                                                                     | Give us                 |
|---------------------------------------------------------------------------------------------------------------------------------|-----------------------------------------------------------------------------------------------------------------------------|-------------------------|
| https://<i></i>financialmodelingprep.com/api/v3/profile/{**Ticker**}?apikey=ce82b6a14287d6b24fdcaf5468401b12                    | Country - Sector - Name                                                                                                     | Global data information |
| https://<i></i>financialmodelingprep.com/api/v3/income-statement/{**Ticker**}?apikey=ce82b6a14287d6b24fdcaf5468401b12           | Revenue - Cost of revenue - Net income                                                                                      | Income Statement        |
| https://<i></i>financialmodelingprep.com/api/v3/balance-sheet-statement/{**Ticker**}?apikey=ce82b6a14287d6b24fdcaf5468401b12&limit=120 | Total liabilities - Total assets - Cash and cash equivalents - Retained earnings - Total stockholders equity - Common stock | Balance Sheet Statement |
| https://<i></i>financialmodelingprep.com/api/v3/income-statement/{**Ticker**}?limit=120&apikey=ce82b6a14287d6b24fdcaf5468401b12 | Research and development expenses - Operating expenses                                                                      | Income statement        |

We need this function to extract data from the API :

````python
from urllib.request import urlopen
import certifi
import json

def get_jsonparsed_data(url):
    response = urlopen(url, cafile=certifi.where())
    data = response.read().decode("utf-8")
    return json.loads(data)
````

I'm going to give you somme exemple :

get_jsonparsed_data function give us a list, each element gives us data from more recent one to oldest ones ( [0] for the last and [-1] for the oldest )

### Exemple 1 Apple global information

Code :

````python

print(get_jsonparsed_data(f"https://financialmodelingprep.com/api/v3/profile/AAPL?apikey=ce82b6a14287d6b24fdcaf5468401b12"))

````

Output :

````python

[{'symbol': 'AAPL', 'price': 142.41, 'beta': 1.249815, 'volAvg': 81088200, 'mktCap': 2288642686976
   , 'lastDiv': 0.9, 'range': '129.04-182.94', 'changes': 4.029999, 'companyName': 'Apple Inc.', 'currency': 'USD'
   , 'cik': '0000320193', 'isin': 'US0378331005', 'cusip': '037833100', 'exchange': 'NASDAQ Global Select', 'exchangeShortName': 'NASDAQ'
   , 'industry': 'Consumer Electronics', 'website': 'https://www.apple.com'
   , 'description': 'Apple Inc. designs, manufactures, and markets smartphones, personal computers, tablets, wearables, and accessories worldwide. It also sells various related services. In addition, the company offers iPhone, a line of smartphones; Mac, a line of personal computers; iPad, a line of multi-purpose tablets; AirPods Max, an over-ear wireless headphone; and wearables, home, and accessories comprising AirPods, Apple TV, Apple Watch, Beats products, HomePod, and iPod touch. Further, it provides AppleCare support services; cloud services store services; and operates various platforms, including the App Store that allow customers to discover and download applications and digital content, such as books, music, video, games, and podcasts. Additionally, the company offers various services, such as Apple Arcade, a game subscription service; Apple Music, which offers users a curated listening experience with on-demand radio stations; Apple News+, a subscription news and magazine service; Apple TV+, which offers exclusive original content; Apple Card, a co-branded credit card; and Apple Pay, a cashless payment service, as well as licenses its intellectual property. The company serves consumers, and small and mid-sized businesses; and the education, enterprise, and government markets. It distributes third-party applications for its products through the App Store. The company also sells its products through its retail and online stores, and direct sales force; and third-party cellular network carriers, wholesalers, retailers, and resellers. Apple Inc. was incorporated in 1977 and is headquartered in Cupertino, California.'
   , 'ceo': 'Mr. Timothy Cook', 'sector': 'Technology', 'country': 'US', 'fullTimeEmployees': '154000', 'phone': '14089961010'
   , 'address': '1 Apple Park Way', 'city': 'Cupertino', 'state': 'CALIFORNIA', 'zip': '95014', 'dcfDiff': 2.07175, 'dcf': 144.482
   , 'image': 'https://financialmodelingprep.com/image-stock/AAPL.png', 'ipoDate': '1980-12-12', 'defaultImage': False, 'isEtf': False
   , 'isActivelyTrading': True, 'isAdr': False, 'isFund': False}]

````

### Exemple 2 Microsoft global information

Code :

````python

print(get_jsonparsed_data(f"https://<i></i>financialmodelingprep.com/api/v3/income-statement/MSFT?apikey=ce82b6a14287d6b24fdcaf5468401b12"))

````

Output :

````python

[{'date': '2022-06-30',
  'symbol': 'MSFT',
  'reportedCurrency': 'USD',
  'cik': '0000789019',
  'fillingDate': '2022-07-28',
  'acceptedDate': '2022-07-28 16:06:19',
  'calendarYear': '2022',
  'period': 'FY',
  'revenue': 198270000000,
  'costOfRevenue': 62650000000,
  'grossProfit': 135620000000,
  'grossProfitRatio': 0.684016744842891,
  'researchAndDevelopmentExpenses': 24512000000,
  'generalAndAdministrativeExpenses': 5900000000,
  'sellingAndMarketingExpenses': 21825000000,
  'sellingGeneralAndAdministrativeExpenses': 27725000000,
  'otherExpenses': 0.0,
  'operatingExpenses': 52237000000,
  'costAndExpenses': 114887000000,
  'interestIncome': 2094000000,
  'interestExpense': 2063000000,
  'depreciationAndAmortization': 14460000000,
  'ebitda': 100239000000,
  'ebitdaratio': 0.5055681646239976,
  'operatingIncome': 83383000000,
  'operatingIncomeRatio': 0.4205527815604983,
  'totalOtherIncomeExpensesNet': 333000000,
  'incomeBeforeTax': 83716000000,
  'incomeBeforeTaxRatio': 0.4222323094769758,
  'incomeTaxExpense': 10978000000,
  'netIncome': 72738000000,
  'netIncomeRatio': 0.3668633681343622,
  'eps': 9.7,
  'epsdiluted': 9.65,
  'weightedAverageShsOut': 7496000000,
  'weightedAverageShsOutDil': 7540000000,
  'link': 'https://www.sec.gov/Archives/edgar/data/789019/000156459022026876/0001564590-22-026876-index.htm',
  'finalLink': 'https://www.sec.gov/Archives/edgar/data/789019/000156459022026876/msft-10k_20220630.htm'},
 {'date': '2021-06-30',
  'symbol': 'MSFT',
  'reportedCurrency': 'USD',
  'cik': '0000789019',
  'fillingDate': '2021-07-29',
  'acceptedDate': '2021-07-29 16:21:55',
  'calendarYear': '2021',
  'period': 'FY',
  'revenue': 168088000000,
  'costOfRevenue': 52232000000,
  'grossProfit': 115856000000,
  'grossProfitRatio': 0.689258007710247,
  'researchAndDevelopmentExpenses': 20716000000,
  'generalAndAdministrativeExpenses': 5107000000,
  'sellingAndMarketingExpenses': 20117000000,
  'sellingGeneralAndAdministrativeExpenses': 25224000000,
  'otherExpenses': 0.0,
  'operatingExpenses': 45940000000,
  'costAndExpenses': 98172000000,
  'interestIncome': 2131000000,
  'interestExpense': 2346000000,
  'depreciationAndAmortization': 11686000000,
  'ebitda': 85134000000,
  'ebitdaratio': 0.5064846984912664,
  'operatingIncome': 69916000000,
  'operatingIncomeRatio': 0.415948788729713,
  'totalOtherIncomeExpensesNet': 1186000000,
  'incomeBeforeTax': 71102000000,
  'incomeBeforeTaxRatio': 0.4230046166293846,
  'incomeTaxExpense': 9831000000,
  'netIncome': 61271000000,
  'netIncomeRatio': 0.36451739564989766,
  'eps': 8.12,
  'epsdiluted': 8.05,
  'weightedAverageShsOut': 7547000000,
  'weightedAverageShsOutDil': 7608000000,
  'link': 'https://www.sec.gov/Archives/edgar/data/789019/000156459021039151/0001564590-21-039151-index.htm',
  'finalLink': 'https://www.sec.gov/Archives/edgar/data/789019/000156459021039151/msft-10k_20210630.htm'},
 {'date': '2020-06-30',
  'symbol': 'MSFT',
  'reportedCurrency': 'USD',
  'cik': '0000789019',
  'fillingDate': '2020-07-30',
  'acceptedDate': '2020-07-30 20:44:46',
  'calendarYear': '2020',
  'period': 'FY',
  'revenue': 143015000000,
  'costOfRevenue': 46078000000,
  'grossProfit': 96937000000,
  'grossProfitRatio': 0.6778100199279796,
  'researchAndDevelopmentExpenses': 19269000000,
  'generalAndAdministrativeExpenses': 5111000000,
  'sellingAndMarketingExpenses': 19598000000,
  'sellingGeneralAndAdministrativeExpenses': 24709000000,
  'otherExpenses': 0.0,
  'operatingExpenses': 43978000000,
  'costAndExpenses': 90056000000,
  'interestIncome': 2680000000,
  'interestExpense': 2591000000,
  'depreciationAndAmortization': 12796000000,
  'ebitda': 68423000000,
  'ebitdaratio': 0.4784323322728385,
  'operatingIncome': 52959000000,
  'operatingIncomeRatio': 0.37030381428521486,
  'totalOtherIncomeExpensesNet': 77000000,
  'incomeBeforeTax': 53036000000,
  'incomeBeforeTaxRatio': 0.3708422193476209,
  'incomeTaxExpense': 8755000000,
  'netIncome': 44281000000,
  'netIncomeRatio': 0.3096248645247002,
  'eps': 5.82,
  'epsdiluted': 5.76,
  'weightedAverageShsOut': 7610000000,
  'weightedAverageShsOutDil': 7683000000,
  'link': 'https://www.sec.gov/Archives/edgar/data/789019/000156459020034944/0001564590-20-034944-index.htm',
  'finalLink': 'https://www.sec.gov/Archives/edgar/data/789019/000156459020034944/msft-10k_20200630.htm'},
 {'date': '2019-06-30',
  'symbol': 'MSFT',
  'reportedCurrency': 'USD',
  'cik': '0000789019',
  'fillingDate': '2019-08-01',
  'acceptedDate': '2019-08-01 16:09:55',
  'calendarYear': '2019',
  'period': 'FY',
  'revenue': 125843000000,
  'costOfRevenue': 42910000000,
  'grossProfit': 82933000000,
  'grossProfitRatio': 0.6590195720063889,
  'researchAndDevelopmentExpenses': 16876000000,
  'generalAndAdministrativeExpenses': 4885000000,
  'sellingAndMarketingExpenses': 18213000000,
  'sellingGeneralAndAdministrativeExpenses': 23098000000,
  'otherExpenses': 0.0,
  'operatingExpenses': 39974000000,
  'costAndExpenses': 82884000000,
  'interestIncome': 2762000000,
  'interestExpense': 2686000000,
  'depreciationAndAmortization': 11682000000,
  'ebitda': 58056000000,
  'ebitdaratio': 0.46133674499177546,
  'operatingIncome': 42959000000,
  'operatingIncomeRatio': 0.3413698020549415,
  'totalOtherIncomeExpensesNet': 729000000,
  'incomeBeforeTax': 43688000000,
  'incomeBeforeTaxRatio': 0.34716273451840785,
  'incomeTaxExpense': 4448000000,
  'netIncome': 39240000000,
  'netIncomeRatio': 0.3118171054409065,
  'eps': 5.11,
  'epsdiluted': 5.06,
  'weightedAverageShsOut': 7673000000,
  'weightedAverageShsOutDil': 7753000000,
  'link': 'https://www.sec.gov/Archives/edgar/data/789019/000156459019027952/0001564590-19-027952-index.htm',
  'finalLink': 'https://www.sec.gov/Archives/edgar/data/789019/000156459019027952/msft-10k_20190630.htm'},
 {'date': '2018-06-30',
  'symbol': 'MSFT',
  'reportedCurrency': 'USD',
  'cik': '0000789019',
  'fillingDate': '2018-08-03',
  'acceptedDate': '2018-08-03 11:03:33',
  'calendarYear': '2018',
  'period': 'FY',
  'revenue': 110360000000,
  'costOfRevenue': 38353000000,
  'grossProfit': 72007000000,
  'grossProfitRatio': 0.652473722363175,
  'researchAndDevelopmentExpenses': 14726000000,
  'generalAndAdministrativeExpenses': 4754000000,
  'sellingAndMarketingExpenses': 17469000000,
  'sellingGeneralAndAdministrativeExpenses': 22223000000,
  'otherExpenses': 0.0,
  'operatingExpenses': 36949000000,
  'costAndExpenses': 75302000000,
  'interestIncome': 0.0,
  'interestExpense': 2733000000,
  'depreciationAndAmortization': 10261000000,
  'ebitda': 49468000000,
  'ebitdaratio': 0.44824211670895253,
  'operatingIncome': 35058000000,
  'operatingIncomeRatio': 0.3176694454512505,
  'totalOtherIncomeExpensesNet': 1416000000,
  'incomeBeforeTax': 36474000000,
  'incomeBeforeTaxRatio': 0.33050018122508157,
  'incomeTaxExpense': 19903000000,
  'netIncome': 16571000000,
  'netIncomeRatio': 0.1501540413193186,
  'eps': 2.15,
  'epsdiluted': 2.13,
  'weightedAverageShsOut': 7700000000,
  'weightedAverageShsOutDil': 7794000000,
  'link': 'https://www.sec.gov/Archives/edgar/data/789019/000156459018019062/0001564590-18-019062-index.htm',
  'finalLink': 'https://www.sec.gov/Archives/edgar/data/789019/000156459018019062/msft-10k_20180630.htm'},
 {'date': '2017-06-30',
  'symbol': 'MSFT',
  'reportedCurrency': 'USD',
  'cik': '0000789019',
  'fillingDate': '2017-08-02',
  'acceptedDate': '2017-08-02 16:15:01',
  'calendarYear': '2017',
  'period': 'FY',
  'revenue': 89950000000,
  'costOfRevenue': 34261000000,
  'grossProfit': 55689000000,
  'grossProfitRatio': 0.6191106170094497,
  'researchAndDevelopmentExpenses': 13037000000,
  'generalAndAdministrativeExpenses': 4481000000,
  'sellingAndMarketingExpenses': 15539000000,
  'sellingGeneralAndAdministrativeExpenses': 20020000000,
  'otherExpenses': 0.0,
  'operatingExpenses': 33057000000,
  'costAndExpenses': 67318000000,
  'interestIncome': 0.0,
  'interestExpense': 2222000000,
  'depreciationAndAmortization': 8778000000,
  'ebitda': 34149000000,
  'ebitdaratio': 0.3796442468037799,
  'operatingIncome': 22326000000,
  'operatingIncomeRatio': 0.24820455808782657,
  'totalOtherIncomeExpensesNet': 823000000,
  'incomeBeforeTax': 23149000000,
  'incomeBeforeTaxRatio': 0.25735408560311285,
  'incomeTaxExpense': 1945000000,
  'netIncome': 21204000000,
  'netIncomeRatio': 0.23573096164535853,
  'eps': 2.74,
  'epsdiluted': 2.71,
  'weightedAverageShsOut': 7746000000,
  'weightedAverageShsOutDil': 7832000000,
  'link': 'https://www.sec.gov/Archives/edgar/data/789019/000156459017014900/0001564590-17-014900-index.htm',
  'finalLink': 'https://www.sec.gov/Archives/edgar/data/789019/000156459017014900/msft-10k_20170630.htm'},
 {'date': '2016-06-30',
  'symbol': 'MSFT',
  'reportedCurrency': 'USD',
  'cik': '0000789019',
  'fillingDate': '2016-07-28',
  'acceptedDate': '2016-07-28 16:12:18',
  'calendarYear': '2016',
  'period': 'FY',
  'revenue': 85320000000,
  'costOfRevenue': 32780000000,
  'grossProfit': 52540000000,
  'grossProfitRatio': 0.6157993436474449,
  'researchAndDevelopmentExpenses': 11988000000,
  'generalAndAdministrativeExpenses': 4563000000,
  'sellingAndMarketingExpenses': 14697000000,
  'sellingGeneralAndAdministrativeExpenses': 19260000000,
  'otherExpenses': 0.0,
  'operatingExpenses': 31248000000,
  'costAndExpenses': 64028000000,
  'interestIncome': 0.0,
  'interestExpense': 1243000000,
  'depreciationAndAmortization': 6622000000,
  'ebitda': 27616000000,
  'ebitdaratio': 0.3236755743084857,
  'operatingIncome': 20182000000,
  'operatingIncomeRatio': 0.236544772620722,
  'totalOtherIncomeExpensesNet': -431000000,
  'incomeBeforeTax': 19751000000,
  'incomeBeforeTaxRatio': 0.2314932020628223,
  'incomeTaxExpense': 2953000000,
  'netIncome': 16798000000,
  'netIncomeRatio': 0.19688232536333802,
  'eps': 2.12,
  'epsdiluted': 2.1,
  'weightedAverageShsOut': 7925000000,
  'weightedAverageShsOutDil': 8013000000,
  'link': 'https://www.sec.gov/Archives/edgar/data/789019/000119312516662209/0001193125-16-662209-index.htm',
  'finalLink': 'https://www.sec.gov/Archives/edgar/data/789019/000119312516662209/d187868d10k.htm'},
 {'date': '2015-06-30',
  'symbol': 'MSFT',
  'reportedCurrency': 'USD',
  'cik': '0000789019',
  'fillingDate': '2015-07-31',
  'acceptedDate': '2015-07-31 15:07:52',
  'calendarYear': '2015',
  'period': 'FY',
  'revenue': 93580000000,
  'costOfRevenue': 33038000000,
  'grossProfit': 60542000000,
  'grossProfitRatio': 0.646954477452447,
  'researchAndDevelopmentExpenses': 12046000000,
  'generalAndAdministrativeExpenses': 4611000000,
  'sellingAndMarketingExpenses': 15713000000,
  'sellingGeneralAndAdministrativeExpenses': 20324000000,
  'otherExpenses': 0.0,
  'operatingExpenses': 32370000000,
  'costAndExpenses': 65408000000,
  'interestIncome': 0.0,
  'interestExpense': 781000000,
  'depreciationAndAmortization': 5957000000,
  'ebitda': 25245000000,
  'ebitdaratio': 0.26976918144902756,
  'operatingIncome': 18161000000,
  'operatingIncomeRatio': 0.19406924556529173,
  'totalOtherIncomeExpensesNet': 346000000,
  'incomeBeforeTax': 18507000000,
  'incomeBeforeTaxRatio': 0.19776661679846122,
  'incomeTaxExpense': 6314000000,
  'netIncome': 12193000000,
  'netIncomeRatio': 0.13029493481513144,
  'eps': 1.49,
  'epsdiluted': 1.48,
  'weightedAverageShsOut': 8177000000,
  'weightedAverageShsOutDil': 8254000000,
  'link': 'https://www.sec.gov/Archives/edgar/data/789019/000119312515272806/0001193125-15-272806-index.htm',
  'finalLink': 'https://www.sec.gov/Archives/edgar/data/789019/000119312515272806/d918813d10k.htm'},
 {'date': '2014-06-30',
  'symbol': 'MSFT',
  'reportedCurrency': 'USD',
  'cik': '0000789019',
  'fillingDate': '2014-07-31',
  'acceptedDate': '2014-07-31 17:16:52',
  'calendarYear': '2014',
  'period': 'FY',
  'revenue': 86833000000,
  'costOfRevenue': 26934000000,
  'grossProfit': 59899000000,
  'grossProfitRatio': 0.6898183870187602,
  'researchAndDevelopmentExpenses': 11381000000,
  'generalAndAdministrativeExpenses': 4821000000,
  'sellingAndMarketingExpenses': 15811000000,
  'sellingGeneralAndAdministrativeExpenses': 20632000000,
  'otherExpenses': 0.0,
  'operatingExpenses': 32013000000,
  'costAndExpenses': 58947000000,
  'interestIncome': 0.0,
  'interestExpense': 597000000,
  'depreciationAndAmortization': 5212000000,
  'ebitda': 33629000000,
  'ebitdaratio': 0.38728363640551405,
  'operatingIncome': 27759000000,
  'operatingIncomeRatio': 0.3196826091462923,
  'totalOtherIncomeExpensesNet': 61000000,
  'incomeBeforeTax': 27820000000,
  'incomeBeforeTaxRatio': 0.3203851070445568,
  'incomeTaxExpense': 5746000000,
  'netIncome': 22074000000,
  'netIncomeRatio': 0.2542121082998399,
  'eps': 2.66,
  'epsdiluted': 2.63,
  'weightedAverageShsOut': 8299000000,
  'weightedAverageShsOutDil': 8399000000,
  'link': 'https://www.sec.gov/Archives/edgar/data/789019/000119312514289961/0001193125-14-289961-index.htm',
  'finalLink': 'https://www.sec.gov/Archives/edgar/data/789019/000119312514289961/d722626d10k.htm'},
 {'date': '2013-06-30',
  'symbol': 'MSFT',
  'reportedCurrency': 'USD',
  'cik': '0000789019',
  'fillingDate': '2013-07-30',
  'acceptedDate': '2013-07-30 16:14:49',
  'calendarYear': '2013',
  'period': 'FY',
  'revenue': 77849000000,
  'costOfRevenue': 20249000000,
  'grossProfit': 57600000000,
  'grossProfitRatio': 0.7398938971598864,
  'researchAndDevelopmentExpenses': 10411000000,
  'generalAndAdministrativeExpenses': 5149000000,
  'sellingAndMarketingExpenses': 15276000000,
  'sellingGeneralAndAdministrativeExpenses': 20425000000,
  'otherExpenses': 0.0,
  'operatingExpenses': 30836000000,
  'costAndExpenses': 51085000000,
  'interestIncome': 0.0,
  'interestExpense': 429000000,
  'depreciationAndAmortization': 3755000000,
  'ebitda': 31236000000,
  'ebitdaratio': 0.4012382946473301,
  'operatingIncome': 26764000000,
  'operatingIncomeRatio': 0.3437937545761667,
  'totalOtherIncomeExpensesNet': 288000000,
  'incomeBeforeTax': 27052000000,
  'incomeBeforeTaxRatio': 0.3474932240619661,
  'incomeTaxExpense': 5189000000,
  'netIncome': 21863000000,
  'netIncomeRatio': 0.2808385464167812,
  'eps': 2.61,
  'epsdiluted': 2.58,
  'weightedAverageShsOut': 8375000000,
  'weightedAverageShsOutDil': 8470000000,
  'link': 'https://www.sec.gov/Archives/edgar/data/789019/000119312513310206/0001193125-13-310206-index.htm',
  'finalLink': 'https://www.sec.gov/Archives/edgar/data/789019/000119312513310206/d527745d10k.htm'},
 {'date': '2012-06-30',
  'symbol': 'MSFT',
  'reportedCurrency': 'USD',
  'cik': '0000789019',
  'fillingDate': '2012-07-26',
  'acceptedDate': '2012-07-26 16:12:48',
  'calendarYear': '2012',
  'period': 'FY',
  'revenue': 73723000000,
  'costOfRevenue': 17530000000,
  'grossProfit': 56193000000,
  'grossProfitRatio': 0.762218032364391,
  'researchAndDevelopmentExpenses': 9811000000,
  'generalAndAdministrativeExpenses': 4569000000,
  'sellingAndMarketingExpenses': 13857000000,
  'sellingGeneralAndAdministrativeExpenses': 18426000000,
  'otherExpenses': 0.0,
  'operatingExpenses': 28237000000,
  'costAndExpenses': 45767000000,
  'interestIncome': 0.0,
  'interestExpense': 380000000,
  'depreciationAndAmortization': 2967000000,
  'ebitda': 25614000000,
  'ebitdaratio': 0.3474356713644317,
  'operatingIncome': 21763000000,
  'operatingIncomeRatio': 0.2951995984970769,
  'totalOtherIncomeExpensesNet': 504000000,
  'incomeBeforeTax': 22267000000,
  'incomeBeforeTaxRatio': 0.30203599962019995,
  'incomeTaxExpense': 5289000000,
  'netIncome': 16978000000,
  'netIncomeRatio': 0.23029448069123612,
  'eps': 2.02,
  'epsdiluted': 2.0,
  'weightedAverageShsOut': 8396000000,
  'weightedAverageShsOutDil': 8506000000,
  'link': 'https://www.sec.gov/Archives/edgar/data/789019/000119312512316848/0001193125-12-316848-index.htm',
  'finalLink': 'https://www.sec.gov/Archives/edgar/data/789019/000119312512316848/d347676d10k.htm'},
 {'date': '2011-06-30',
  'symbol': 'MSFT',
  'reportedCurrency': 'USD',
  'cik': '0000789019',
  'fillingDate': '2011-07-28',
  'acceptedDate': '2011-07-28 14:59:09',
  'calendarYear': '2011',
  'period': 'FY',
  'revenue': 69943000000,
  'costOfRevenue': 15577000000,
  'grossProfit': 54366000000,
  'grossProfitRatio': 0.777290079064381,
  'researchAndDevelopmentExpenses': 9043000000,
  'generalAndAdministrativeExpenses': 4222000000,
  'sellingAndMarketingExpenses': 13940000000,
  'sellingGeneralAndAdministrativeExpenses': 18162000000,
  'otherExpenses': 0.0,
  'operatingExpenses': 27205000000,
  'costAndExpenses': 42782000000,
  'interestIncome': 900000000,
  'interestExpense': 295000000,
  'depreciationAndAmortization': 2766000000,
  'ebitda': 31132000000,
  'ebitdaratio': 0.44510530003002446,
  'operatingIncome': 27161000000,
  'operatingIncomeRatio': 0.38833049769097694,
  'totalOtherIncomeExpensesNet': 910000000,
  'incomeBeforeTax': 28071000000,
  'incomeBeforeTaxRatio': 0.4013410920320833,
  'incomeTaxExpense': 4921000000,
  'netIncome': 23150000000,
  'netIncomeRatio': 0.3309838010951775,
  'eps': 2.73,
  'epsdiluted': 2.69,
  'weightedAverageShsOut': 8490000000,
  'weightedAverageShsOutDil': 8593000000,
  'link': 'https://www.sec.gov/Archives/edgar/data/789019/000119312511200680/0001193125-11-200680-index.htm',
  'finalLink': 'https://www.sec.gov/Archives/edgar/data/789019/000119312511200680/d10k.htm'},
 {'date': '2010-06-30',
  'symbol': 'MSFT',
  'reportedCurrency': 'USD',
  'cik': '0000789019',
  'fillingDate': '2010-07-30',
  'acceptedDate': '2010-07-30 11:30:38',
  'calendarYear': '2010',
  'period': 'FY',
  'revenue': 62484000000,
  'costOfRevenue': 12395000000,
  'grossProfit': 50089000000,
  'grossProfitRatio': 0.8016292170795724,
  'researchAndDevelopmentExpenses': 8714000000,
  'generalAndAdministrativeExpenses': 4004000000,
  'sellingAndMarketingExpenses': 13214000000,
  'sellingGeneralAndAdministrativeExpenses': 17218000000,
  'otherExpenses': 0.0,
  'operatingExpenses': 25932000000,
  'costAndExpenses': 38327000000,
  'interestIncome': 843000000,
  'interestExpense': 151000000,
  'depreciationAndAmortization': 2673000000,
  'ebitda': 27837000000,
  'ebitdaratio': 0.44550604954868445,
  'operatingIncome': 24098000000,
  'operatingIncomeRatio': 0.38566673068305485,
  'totalOtherIncomeExpensesNet': 915000000,
  'incomeBeforeTax': 25013000000,
  'incomeBeforeTaxRatio': 0.40031047948274756,
  'incomeTaxExpense': 6253000000,
  'netIncome': 18760000000,
  'netIncomeRatio': 0.3002368606363229,
  'eps': 2.13,
  'epsdiluted': 2.1,
  'weightedAverageShsOut': 8813000000,
  'weightedAverageShsOutDil': 8927000000,
  'link': 'https://www.sec.gov/Archives/edgar/data/789019/000119312510171791/0001193125-10-171791-index.htm',
  'finalLink': 'https://www.sec.gov/Archives/edgar/data/789019/000119312510171791/d10k.htm'},
 {'date': '2009-06-30',
  'symbol': 'MSFT',
  'reportedCurrency': 'USD',
  'cik': '0000789019',
  'fillingDate': '2009-07-30',
  'acceptedDate': '2009-07-30 06:05:07',
  'calendarYear': '2009',
  'period': 'FY',
  'revenue': 58437000000,
  'costOfRevenue': 12155000000,
  'grossProfit': 46282000000,
  'grossProfitRatio': 0.7919982203056283,
  'researchAndDevelopmentExpenses': 9010000000,
  'generalAndAdministrativeExpenses': 4030000000,
  'sellingAndMarketingExpenses': 12879000000,
  'sellingGeneralAndAdministrativeExpenses': 16909000000,
  'otherExpenses': 0.0,
  'operatingExpenses': 25919000000,
  'costAndExpenses': 38074000000,
  'interestIncome': 706000000,
  'interestExpense': 0.0,
  'depreciationAndAmortization': 2562000000,
  'ebitda': 22383000000,
  'ebitdaratio': 0.3830278761743416,
  'operatingIncome': 20363000000,
  'operatingIncomeRatio': 0.348460735492924,
  'totalOtherIncomeExpensesNet': -542000000,
  'incomeBeforeTax': 19821000000,
  'incomeBeforeTaxRatio': 0.3391857898249397,
  'incomeTaxExpense': 5252000000,
  'netIncome': 14569000000,
  'netIncomeRatio': 0.24931122405325393,
  'eps': 1.63,
  'epsdiluted': 1.62,
  'weightedAverageShsOut': 8945000000,
  'weightedAverageShsOutDil': 8996000000,
  'link': 'https://www.sec.gov/Archives/edgar/data/789019/000119312509158735/0001193125-09-158735-index.htm',
  'finalLink': 'https://www.sec.gov/Archives/edgar/data/789019/000119312509158735/d10k.htm'},
 {'date': '2008-06-30',
  'symbol': 'MSFT',
  'reportedCurrency': 'USD',
  'cik': '0000789019',
  'fillingDate': '2008-07-31',
  'acceptedDate': '2008-07-31 17:23:18',
  'calendarYear': '2008',
  'period': 'FY',
  'revenue': 60420000000,
  'costOfRevenue': 11598000000,
  'grossProfit': 48822000000,
  'grossProfitRatio': 0.808043694141013,
  'researchAndDevelopmentExpenses': 8164000000,
  'generalAndAdministrativeExpenses': 5127000000,
  'sellingAndMarketingExpenses': 13039000000,
  'sellingGeneralAndAdministrativeExpenses': 18166000000,
  'otherExpenses': 0.0,
  'operatingExpenses': 26330000000,
  'costAndExpenses': 37928000000,
  'interestIncome': 888000000,
  'interestExpense': 0.0,
  'depreciationAndAmortization': 2056000000,
  'ebitda': 25870000000,
  'ebitdaratio': 0.42816948030453494,
  'operatingIncome': 22492000000,
  'operatingIncomeRatio': 0.37226084078119825,
  'totalOtherIncomeExpensesNet': 1322000000,
  'incomeBeforeTax': 23814000000,
  'incomeBeforeTaxRatio': 0.39414101290963255,
  'incomeTaxExpense': 6133000000,
  'netIncome': 17681000000,
  'netIncomeRatio': 0.29263488910956637,
  'eps': 1.9,
  'epsdiluted': 1.87,
  'weightedAverageShsOut': 9328000000,
  'weightedAverageShsOutDil': 9470000000,
  'link': 'https://www.sec.gov/Archives/edgar/data/789019/000119312508162768/0001193125-08-162768-index.htm',
  'finalLink': 'https://www.sec.gov/Archives/edgar/data/789019/000119312508162768/d10k.htm'},
 {'date': '2007-06-30',
  'symbol': 'MSFT',
  'reportedCurrency': 'USD',
  'cik': '0000789019',
  'fillingDate': '2007-08-03',
  'acceptedDate': '2007-08-03 17:13:48',
  'calendarYear': '2007',
  'period': 'FY',
  'revenue': 51122000000,
  'costOfRevenue': 10693000000,
  'grossProfit': 40429000000,
  'grossProfitRatio': 0.790833691952584,
  'researchAndDevelopmentExpenses': 7121000000,
  'generalAndAdministrativeExpenses': 0.0,
  'sellingAndMarketingExpenses': 0.0,
  'sellingGeneralAndAdministrativeExpenses': 14784000000,
  'otherExpenses': 0.0,
  'operatingExpenses': 21905000000,
  'costAndExpenses': 32598000000,
  'interestIncome': 0.0,
  'interestExpense': 0.0,
  'depreciationAndAmortization': 1440000000,
  'ebitda': 21541000000,
  'ebitdaratio': 0.4213645788505927,
  'operatingIncome': 18524000000,
  'operatingIncomeRatio': 0.3623488908884629,
  'totalOtherIncomeExpensesNet': 1577000000,
  'incomeBeforeTax': 20101000000,
  'incomeBeforeTaxRatio': 0.39319666679707366,
  'incomeTaxExpense': 6036000000,
  'netIncome': 14065000000,
  'netIncomeRatio': 0.2751261687727397,
  'eps': 1.44,
  'epsdiluted': 1.42,
  'weightedAverageShsOut': 9742000000,
  'weightedAverageShsOutDil': 9886000000,
  'link': 'https://www.sec.gov/Archives/edgar/data/789019/000119312507170817/0001193125-07-170817-index.htm',
  'finalLink': 'https://www.sec.gov/Archives/edgar/data/789019/000119312507170817/d10k.htm'},
 {'date': '2006-06-30',
  'symbol': 'MSFT',
  'reportedCurrency': 'USD',
  'cik': '0000789019',
  'fillingDate': '2006-08-25',
  'acceptedDate': '2006-08-25 17:13:53',
  'calendarYear': '2006',
  'period': 'FY',
  'revenue': 44282000000,
  'costOfRevenue': 7650000000,
  'grossProfit': 36632000000,
  'grossProfitRatio': 0.8272435752676031,
  'researchAndDevelopmentExpenses': 6584000000,
  'generalAndAdministrativeExpenses': 0.0,
  'sellingAndMarketingExpenses': 0.0,
  'sellingGeneralAndAdministrativeExpenses': 13576000000,
  'otherExpenses': 0.0,
  'operatingExpenses': 20160000000,
  'costAndExpenses': 27810000000,
  'interestIncome': 0.0,
  'interestExpense': 0.0,
  'depreciationAndAmortization': 903000000,
  'ebitda': 19165000000,
  'ebitdaratio': 0.43279436339822047,
  'operatingIncome': 16472000000,
  'operatingIncomeRatio': 0.37197958538458065,
  'totalOtherIncomeExpensesNet': 1790000000,
  'incomeBeforeTax': 18262000000,
  'incomeBeforeTaxRatio': 0.4124023305180434,
  'incomeTaxExpense': 5663000000,
  'netIncome': 12599000000,
  'netIncomeRatio': 0.28451741113770834,
  'eps': 1.21,
  'epsdiluted': 1.2,
  'weightedAverageShsOut': 10438000000,
  'weightedAverageShsOutDil': 10531000000,
  'link': 'https://www.sec.gov/Archives/edgar/data/789019/000119312506180008/0001193125-06-180008-index.htm',
  'finalLink': 'https://www.sec.gov/Archives/edgar/data/789019/000119312506180008/d10k.htm'},
 {'date': '2005-06-30',
  'symbol': 'MSFT',
  'reportedCurrency': 'USD',
  'cik': '0000789019',
  'fillingDate': '2005-08-26',
  'acceptedDate': '2005-08-25 19:59:54',
  'calendarYear': '2005',
  'period': 'FY',
  'revenue': 39788000000,
  'costOfRevenue': 6200000000,
  'grossProfit': 33588000000,
  'grossProfitRatio': 0.8441741228511109,
  'researchAndDevelopmentExpenses': 6184000000,
  'generalAndAdministrativeExpenses': 0.0,
  'sellingAndMarketingExpenses': 0.0,
  'sellingGeneralAndAdministrativeExpenses': 12843000000,
  'otherExpenses': 0.0,
  'operatingExpenses': 19027000000,
  'costAndExpenses': 25227000000,
  'interestIncome': 0.0,
  'interestExpense': 0.0,
  'depreciationAndAmortization': 855000000,
  'ebitda': 17483000000,
  'ebitdaratio': 0.43940384035387553,
  'operatingIncome': 14561000000,
  'operatingIncomeRatio': 0.3659646124459636,
  'totalOtherIncomeExpensesNet': 2067000000,
  'incomeBeforeTax': 16628000000,
  'incomeBeforeTaxRatio': 0.41791494923092387,
  'incomeTaxExpense': 4374000000,
  'netIncome': 12254000000,
  'netIncomeRatio': 0.3079823062229818,
  'eps': 1.13,
  'epsdiluted': 1.12,
  'weightedAverageShsOut': 10839000000,
  'weightedAverageShsOutDil': 10906000000,
  'link': 'https://www.sec.gov/Archives/edgar/data/789019/000119312505174825/0001193125-05-174825-index.htm',
  'finalLink': 'https://www.sec.gov/Archives/edgar/data/789019/000119312505174825/d10k.htm'},
 {'date': '2004-06-30',
  'symbol': 'MSFT',
  'reportedCurrency': 'USD',
  'cik': '0000789019',
  'fillingDate': '2004-09-01',
  'acceptedDate': '2004-09-01 17:03:00',
  'calendarYear': '2004',
  'period': 'FY',
  'revenue': 36835000000,
  'costOfRevenue': 6716000000,
  'grossProfit': 30119000000,
  'grossProfitRatio': 0.8176734084430569,
  'researchAndDevelopmentExpenses': 7779000000,
  'generalAndAdministrativeExpenses': 0.0,
  'sellingAndMarketingExpenses': 0.0,
  'sellingGeneralAndAdministrativeExpenses': 13306000000,
  'otherExpenses': 0.0,
  'operatingExpenses': 21085000000,
  'costAndExpenses': 27801000000,
  'interestIncome': 0.0,
  'interestExpense': 0.0,
  'depreciationAndAmortization': 1186000000,
  'ebitda': 13382000000,
  'ebitdaratio': 0.36329577847156236,
  'operatingIncome': 9034000000,
  'operatingIncomeRatio': 0.24525587077507804,
  'totalOtherIncomeExpensesNet': 3162000000,
  'incomeBeforeTax': 12196000000,
  'incomeBeforeTaxRatio': 0.33109814035564,
  'incomeTaxExpense': 4028000000,
  'netIncome': 8168000000,
  'netIncomeRatio': 0.2217456223700285,
  'eps': 0.76,
  'epsdiluted': 0.75,
  'weightedAverageShsOut': 10803000000,
  'weightedAverageShsOutDil': 10894000000,
  'link': 'https://www.sec.gov/Archives/edgar/data/789019/000119312504150689/0001193125-04-150689-index.htm',
  'finalLink': 'https://www.sec.gov/Archives/edgar/data/789019/000119312504150689/d10k.htm'},
 {'date': '2003-06-30',
  'symbol': 'MSFT',
  'reportedCurrency': 'USD',
  'cik': '0000789019',
  'fillingDate': '2003-09-05',
  'acceptedDate': '2003-09-04 19:42:47',
  'calendarYear': '2003',
  'period': 'FY',
  'revenue': 32187000000,
  'costOfRevenue': 5686000000,
  'grossProfit': 26501000000,
  'grossProfitRatio': 0.8233448286575326,
  'researchAndDevelopmentExpenses': 4659000000,
  'generalAndAdministrativeExpenses': 0.0,
  'sellingAndMarketingExpenses': 0.0,
  'sellingGeneralAndAdministrativeExpenses': 8625000000,
  'otherExpenses': 0.0,
  'operatingExpenses': 13284000000,
  'costAndExpenses': 18970000000,
  'interestIncome': 0.0,
  'interestExpense': 0.0,
  'depreciationAndAmortization': 1439000000,
  'ebitda': 16165000000,
  'ebitdaratio': 0.5022213937303881,
  'operatingIncome': 13217000000,
  'operatingIncomeRatio': 0.410631621462081,
  'totalOtherIncomeExpensesNet': 1509000000,
  'incomeBeforeTax': 14726000000,
  'incomeBeforeTaxRatio': 0.4575139031285923,
  'incomeTaxExpense': 4733000000,
  'netIncome': 9993000000,
  'netIncomeRatio': 0.3104669587100382,
  'eps': 0.93,
  'epsdiluted': 0.92,
  'weightedAverageShsOut': 10723000000,
  'weightedAverageShsOutDil': 10882000000,
  'link': 'https://www.sec.gov/Archives/edgar/data/789019/000119312503045632/0001193125-03-045632-index.htm',
  'finalLink': 'https://www.sec.gov/Archives/edgar/data/789019/000119312503045632/d10k.htm'},
 {'date': '2002-06-30',
  'symbol': 'MSFT',
  'reportedCurrency': 'USD',
  'cik': '0000789019',
  'fillingDate': '2002-09-06',
  'acceptedDate': '2002-09-05 20:20:11',
  'calendarYear': '2002',
  'period': 'FY',
  'revenue': 28365000000,
  'costOfRevenue': 5191000000,
  'grossProfit': 23174000000,
  'grossProfitRatio': 0.8169927727833598,
  'researchAndDevelopmentExpenses': 4307000000,
  'generalAndAdministrativeExpenses': 0.0,
  'sellingAndMarketingExpenses': 0.0,
  'sellingGeneralAndAdministrativeExpenses': 6957000000,
  'otherExpenses': 0.0,
  'operatingExpenses': 11264000000,
  'costAndExpenses': 16455000000,
  'interestIncome': 0.0,
  'interestExpense': 0.0,
  'depreciationAndAmortization': 1084000000,
  'ebitda': 12597000000,
  'ebitdaratio': 0.44410364886303544,
  'operatingIncome': 11910000000,
  'operatingIncomeRatio': 0.41988365943945005,
  'totalOtherIncomeExpensesNet': -397000000,
  'incomeBeforeTax': 11513000000,
  'incomeBeforeTaxRatio': 0.40588753745813505,
  'incomeTaxExpense': 3684000000,
  'netIncome': 7829000000,
  'netIncomeRatio': 0.2760091662259827,
  'eps': 0.725,
  'epsdiluted': 0.705,
  'weightedAverageShsOut': 10812000000,
  'weightedAverageShsOutDil': 11106000000,
  'link': 'https://www.sec.gov/Archives/edgar/data/789019/000103221002001351/0001032210-02-001351-index.htm',
  'finalLink': 'https://www.sec.gov/Archives/edgar/data/789019/000103221002001351/d10k.htm'},
 {'date': '2001-06-30',
  'symbol': 'MSFT',
  'reportedCurrency': 'USD',
  'cik': '0000789019',
  'fillingDate': '2001-09-18',
  'acceptedDate': '2001-09-18 00:00:00',
  'calendarYear': '2001',
  'period': 'FY',
  'revenue': 25296000000,
  'costOfRevenue': 3455000000,
  'grossProfit': 21841000000,
  'grossProfitRatio': 0.8634171410499684,
  'researchAndDevelopmentExpenses': 4379000000,
  'generalAndAdministrativeExpenses': 0.0,
  'sellingAndMarketingExpenses': 0.0,
  'sellingGeneralAndAdministrativeExpenses': 5742000000,
  'otherExpenses': 0.0,
  'operatingExpenses': 10121000000,
  'costAndExpenses': 13576000000,
  'interestIncome': 0.0,
  'interestExpense': 0.0,
  'depreciationAndAmortization': 1536000000,
  'ebitda': 12686000000,
  'ebitdaratio': 0.5015022137887413,
  'operatingIncome': 11720000000,
  'operatingIncomeRatio': 0.463314358001265,
  'totalOtherIncomeExpensesNet': -195000000,
  'incomeBeforeTax': 11525000000,
  'incomeBeforeTaxRatio': 0.4556056293485136,
  'incomeTaxExpense': 3804000000,
  'netIncome': 7346000000,
  'netIncomeRatio': 0.29040164452877926,
  'eps': 0.69,
  'epsdiluted': 0.66,
  'weightedAverageShsOut': 10682000000,
  'weightedAverageShsOutDil': 11148000000,
  'link': 'https://www.sec.gov/Archives/edgar/data/789019/000103221001501099/0001032210-01-501099-index.html',
  'finalLink': 'https://www.sec.gov/Archives/edgar/data/789019/000103221001501099/d10k.txt'},
 {'date': '2000-06-30',
  'symbol': 'MSFT',
  'reportedCurrency': 'USD',
  'cik': '0000789019',
  'fillingDate': '2000-09-28',
  'acceptedDate': '2000-09-28 00:00:00',
  'calendarYear': '2000',
  'period': 'FY',
  'revenue': 22956000000,
  'costOfRevenue': 2254000000,
  'grossProfit': 20702000000,
  'grossProfitRatio': 0.9018121623976303,
  'researchAndDevelopmentExpenses': 3775000000,
  'generalAndAdministrativeExpenses': 0.0,
  'sellingAndMarketingExpenses': 0.0,
  'sellingGeneralAndAdministrativeExpenses': 5150000000,
  'otherExpenses': 748000000,
  'operatingExpenses': 9673000000,
  'costAndExpenses': 11927000000,
  'interestIncome': 0.0,
  'interestExpense': 0.0,
  'depreciationAndAmortization': 748000000,
  'ebitda': 15023000000,
  'ebitdaratio': 0.6544258581634431,
  'operatingIncome': 11029000000,
  'operatingIncomeRatio': 0.4804408433525004,
  'totalOtherIncomeExpensesNet': 3246000000,
  'incomeBeforeTax': 14275000000,
  'incomeBeforeTaxRatio': 0.6218417842829761,
  'incomeTaxExpense': 4854000000,
  'netIncome': 9421000000,
  'netIncomeRatio': 0.4103937968287158,
  'eps': 0.905,
  'epsdiluted': 0.85,
  'weightedAverageShsOut': 10378000000,
  'weightedAverageShsOutDil': 11072000000,
  'link': 'https://www.sec.gov/Archives/edgar/data/789019/000103221000001961/0001032210-00-001961-index.html',
  'finalLink': 'https://www.sec.gov/Archives/edgar/data/789019/000103221000001961/0001032210-00-001961-0001.txt'},
 {'date': '1999-06-30',
  'symbol': 'MSFT',
  'reportedCurrency': 'USD',
  'cik': '0000789019',
  'fillingDate': '1999-06-30',
  'acceptedDate': '1999-06-30',
  'calendarYear': '1999',
  'period': 'FY',
  'revenue': 19747000000,
  'costOfRevenue': 1804000000,
  'grossProfit': 17943000000,
  'grossProfitRatio': 0.9086443510406644,
  'researchAndDevelopmentExpenses': 2970000000,
  'generalAndAdministrativeExpenses': 0.0,
  'sellingAndMarketingExpenses': 0.0,
  'sellingGeneralAndAdministrativeExpenses': 3920000000,
  'otherExpenses': 1010000000,
  'operatingExpenses': 7900000000,
  'costAndExpenses': 9704000000,
  'interestIncome': 0.0,
  'interestExpense': 0.0,
  'depreciationAndAmortization': 1010000000,
  'ebitda': 12901000000,
  'ebitdaratio': 0.6533144275079759,
  'operatingIncome': 10043000000,
  'operatingIncomeRatio': 0.5085835823163012,
  'totalOtherIncomeExpensesNet': 1848000000,
  'incomeBeforeTax': 11891000000,
  'incomeBeforeTaxRatio': 0.6021674178356206,
  'incomeTaxExpense': 4106000000,
  'netIncome': 7785000000,
  'netIncomeRatio': 0.39423709930622375,
  'eps': 0.77,
  'epsdiluted': 0.71,
  'weightedAverageShsOut': 10056000000,
  'weightedAverageShsOutDil': 10964000000,
  'link': '',
  'finalLink': ''},
 {'date': '1998-06-30',
  'symbol': 'MSFT',
  'reportedCurrency': 'USD',
  'cik': '0000789019',
  'fillingDate': '1998-06-30',
  'acceptedDate': '1998-06-30',
  'calendarYear': '1998',
  'period': 'FY',
  'revenue': 14484000000,
  'costOfRevenue': 173000000,
  'grossProfit': 14311000000,
  'grossProfitRatio': 0.9880557856945595,
  'researchAndDevelopmentExpenses': 2502000000,
  'generalAndAdministrativeExpenses': 0.0,
  'sellingAndMarketingExpenses': 0.0,
  'sellingGeneralAndAdministrativeExpenses': 3845000000,
  'otherExpenses': 1024000000,
  'operatingExpenses': 7371000000,
  'costAndExpenses': 7544000000,
  'interestIncome': 0.0,
  'interestExpense': 0.0,
  'depreciationAndAmortization': 1024000000,
  'ebitda': 8141000000,
  'ebitdaratio': 0.562068489367578,
  'operatingIncome': 6940000000,
  'operatingIncomeRatio': 0.4791494062413698,
  'totalOtherIncomeExpensesNet': 177000000,
  'incomeBeforeTax': 7117000000,
  'incomeBeforeTaxRatio': 0.49136978735156034,
  'incomeTaxExpense': 2627000000,
  'netIncome': 4490000000,
  'netIncomeRatio': 0.3099972383319525,
  'eps': 0.4575,
  'epsdiluted': 0.4175,
  'weightedAverageShsOut': 9728000000,
  'weightedAverageShsOutDil': 10724000000,
  'link': '',
  'finalLink': ''},
 {'date': '1997-06-30',
  'symbol': 'MSFT',
  'reportedCurrency': 'USD',
  'cik': '0000789019',
  'fillingDate': '1997-09-29',
  'acceptedDate': '1997-09-29 00:00:00',
  'calendarYear': '1997',
  'period': 'FY',
  'revenue': 11358000000,
  'costOfRevenue': 528000000,
  'grossProfit': 10830000000,
  'grossProfitRatio': 0.9535129424194401,
  'researchAndDevelopmentExpenses': 1925000000,
  'generalAndAdministrativeExpenses': 0.0,
  'sellingAndMarketingExpenses': 0.0,
  'sellingGeneralAndAdministrativeExpenses': 3218000000,
  'otherExpenses': 557000000,
  'operatingExpenses': 5700000000,
  'costAndExpenses': 6228000000,
  'interestIncome': 0.0,
  'interestExpense': 0.0,
  'depreciationAndAmortization': 557000000,
  'ebitda': 5871000000,
  'ebitdaratio': 0.5169043845747491,
  'operatingIncome': 5130000000,
  'operatingIncomeRatio': 0.45166402535657685,
  'totalOtherIncomeExpensesNet': 184000000,
  'incomeBeforeTax': 5314000000,
  'incomeBeforeTaxRatio': 0.4678640605740447,
  'incomeTaxExpense': 1860000000,
  'netIncome': 3454000000,
  'netIncomeRatio': 0.30410283500616303,
  'eps': 0.32875,
  'epsdiluted': 0.32875,
  'weightedAverageShsOut': 10496000000,
  'weightedAverageShsOutDil': 10496000000,
  'link': 'https://www.sec.gov/Archives/edgar/data/789019/000101706297001764/0001017062-97-001764-index.html',
  'finalLink': 'https://www.sec.gov/Archives/edgar/data/789019/0001017062-97-001764.txt'},
 {'date': '1996-06-30',
  'symbol': 'MSFT',
  'reportedCurrency': 'USD',
  'cik': '0000789019',
  'fillingDate': '1996-09-27',
  'acceptedDate': '1996-09-27 00:00:00',
  'calendarYear': '1996',
  'period': 'FY',
  'revenue': 8671000000,
  'costOfRevenue': 708000000,
  'grossProfit': 7963000000,
  'grossProfitRatio': 0.918348518048668,
  'researchAndDevelopmentExpenses': 1432000000,
  'generalAndAdministrativeExpenses': 0.0,
  'sellingAndMarketingExpenses': 0.0,
  'sellingGeneralAndAdministrativeExpenses': 2973000000,
  'otherExpenses': 480000000,
  'operatingExpenses': 4885000000,
  'costAndExpenses': 5593000000,
  'interestIncome': 0.0,
  'interestExpense': 0.0,
  'depreciationAndAmortization': 480000000,
  'ebitda': 3859000000,
  'ebitdaratio': 0.445046707415523,
  'operatingIncome': 3078000000,
  'operatingIncomeRatio': 0.3549763579748587,
  'totalOtherIncomeExpensesNet': 301000000,
  'incomeBeforeTax': 3379000000,
  'incomeBeforeTaxRatio': 0.3896897704993657,
  'incomeTaxExpense': 1184000000,
  'netIncome': 2195000000,
  'netIncomeRatio': 0.25314265943951103,
  'eps': 0.214375,
  'epsdiluted': 0.214375,
  'weightedAverageShsOut': 10240000000,
  'weightedAverageShsOutDil': 10240000000,
  'link': 'https://www.sec.gov/Archives/edgar/data/789019/000089102096001130/0000891020-96-001130-index.html',
  'finalLink': 'https://www.sec.gov/Archives/edgar/data/789019/0000891020-96-001130.txt'},
 {'date': '1995-06-30',
  'symbol': 'MSFT',
  'reportedCurrency': 'USD',
  'cik': '0000789019',
  'fillingDate': '1995-09-25',
  'acceptedDate': '1995-09-25 00:00:00',
  'calendarYear': '1995',
  'period': 'FY',
  'revenue': 5937000000,
  'costOfRevenue': 608000000,
  'grossProfit': 5329000000,
  'grossProfitRatio': 0.8975913761158835,
  'researchAndDevelopmentExpenses': 860000000,
  'generalAndAdministrativeExpenses': 0.0,
  'sellingAndMarketingExpenses': 0.0,
  'sellingGeneralAndAdministrativeExpenses': 2162000000,
  'otherExpenses': 269000000,
  'operatingExpenses': 3291000000,
  'costAndExpenses': 3899000000,
  'interestIncome': 0.0,
  'interestExpense': 0.0,
  'depreciationAndAmortization': 269000000,
  'ebitda': 2436000000,
  'ebitdaratio': 0.41030823648307224,
  'operatingIncome': 2038000000,
  'operatingIncomeRatio': 0.3432710122957723,
  'totalOtherIncomeExpensesNet': 129000000,
  'incomeBeforeTax': 2167000000,
  'incomeBeforeTaxRatio': 0.36499915782381676,
  'incomeTaxExpense': 714000000,
  'netIncome': 1453000000,
  'netIncomeRatio': 0.24473639885464038,
  'eps': 0.145,
  'epsdiluted': 0.145,
  'weightedAverageShsOut': 10032000000,
  'weightedAverageShsOutDil': 10032000000,
  'link': 'https://www.sec.gov/Archives/edgar/data/789019/000089102095000433/0000891020-95-000433-index.html',
  'finalLink': 'https://www.sec.gov/Archives/edgar/data/789019/0000891020-95-000433.txt'},
 {'date': '1994-06-30',
  'symbol': 'MSFT',
  'reportedCurrency': 'USD',
  'cik': '0000789019',
  'fillingDate': '1994-09-27',
  'acceptedDate': '1994-09-27 00:00:00',
  'calendarYear': '1994',
  'period': 'FY',
  'revenue': 4649000000,
  'costOfRevenue': 526000000,
  'grossProfit': 4123000000,
  'grossProfitRatio': 0.8868573886857388,
  'researchAndDevelopmentExpenses': 610000000,
  'generalAndAdministrativeExpenses': 0.0,
  'sellingAndMarketingExpenses': 0.0,
  'sellingGeneralAndAdministrativeExpenses': 1550000000,
  'otherExpenses': 237000000,
  'operatingExpenses': 2397000000,
  'costAndExpenses': 2923000000,
  'interestIncome': 0.0,
  'interestExpense': 0.0,
  'depreciationAndAmortization': 237000000,
  'ebitda': 1959000000,
  'ebitdaratio': 0.42138094213809424,
  'operatingIncome': 1726000000,
  'operatingIncomeRatio': 0.37126263712626373,
  'totalOtherIncomeExpensesNet': -4000000.0,
  'incomeBeforeTax': 1722000000,
  'incomeBeforeTaxRatio': 0.3704022370402237,
  'incomeTaxExpense': 576000000,
  'netIncome': 1146000000,
  'netIncomeRatio': 0.24650462465046247,
  'eps': 0.1175,
  'epsdiluted': 0.1175,
  'weightedAverageShsOut': 9760000000,
  'weightedAverageShsOutDil': 9760000000,
  'link': 'https://www.sec.gov/Archives/edgar/data/789019/000089102094000175/0000891020-94-000175-index.html',
  'finalLink': 'https://www.sec.gov/Archives/edgar/data/789019/0000891020-94-000175.txt'},
 {'date': '1993-06-30',
  'symbol': 'MSFT',
  'reportedCurrency': 'USD',
  'cik': '0000789019',
  'fillingDate': '1993-06-30',
  'acceptedDate': '1993-06-30',
  'calendarYear': '1993',
  'period': 'FY',
  'revenue': 3753000000,
  'costOfRevenue': 482000000,
  'grossProfit': 3271000000,
  'grossProfitRatio': 0.8715694111377564,
  'researchAndDevelopmentExpenses': 0.0,
  'generalAndAdministrativeExpenses': 0.0,
  'sellingAndMarketingExpenses': 0.0,
  'sellingGeneralAndAdministrativeExpenses': 1794000000,
  'otherExpenses': 151000000,
  'operatingExpenses': 1945000000,
  'costAndExpenses': 2427000000,
  'interestIncome': 0.0,
  'interestExpense': 0.0,
  'depreciationAndAmortization': 151000000,
  'ebitda': 1552000000,
  'ebitdaratio': 0.41353583799626964,
  'operatingIncome': 1326000000,
  'operatingIncomeRatio': 0.3533173461231015,
  'totalOtherIncomeExpensesNet': 75000000,
  'incomeBeforeTax': 1401000000,
  'incomeBeforeTaxRatio': 0.3733013589128697,
  'incomeTaxExpense': 448000000,
  'netIncome': 953000000,
  'netIncomeRatio': 0.25393018918198773,
  'eps': 0.1,
  'epsdiluted': 0.1,
  'weightedAverageShsOut': 9530000000,
  'weightedAverageShsOutDil': 9530000000,
  'link': '',
  'finalLink': ''},
 {'date': '1992-06-30',
  'symbol': 'MSFT',
  'reportedCurrency': 'USD',
  'cik': '0000789019',
  'fillingDate': '1992-06-30',
  'acceptedDate': '1992-06-30',
  'calendarYear': '1992',
  'period': 'FY',
  'revenue': 2758700000,
  'costOfRevenue': 354100000,
  'grossProfit': 2404600000,
  'grossProfitRatio': 0.871642440279842,
  'researchAndDevelopmentExpenses': 0.0,
  'generalAndAdministrativeExpenses': 0.0,
  'sellingAndMarketingExpenses': 0.0,
  'sellingGeneralAndAdministrativeExpenses': 1296300000,
  'otherExpenses': 112300000,
  'operatingExpenses': 1408600000,
  'costAndExpenses': 1762700000,
  'interestIncome': 0.0,
  'interestExpense': 0.0,
  'depreciationAndAmortization': 112300000,
  'ebitda': 1153600000,
  'ebitdaratio': 0.41816797767064195,
  'operatingIncome': 996000000,
  'operatingIncomeRatio': 0.36103962011092183,
  'totalOtherIncomeExpensesNet': 45300000,
  'incomeBeforeTax': 1041300000,
  'incomeBeforeTaxRatio': 0.37746039801355713,
  'incomeTaxExpense': 333200000,
  'netIncome': 708100000,
  'netIncomeRatio': 0.2566788704824736,
  'eps': 0.08,
  'epsdiluted': 0.08,
  'weightedAverageShsOut': 8851250000,
  'weightedAverageShsOutDil': 8851250000,
  'link': '',
  'finalLink': ''},
 {'date': '1991-06-30',
  'symbol': 'MSFT',
  'reportedCurrency': 'USD',
  'cik': '0000789019',
  'fillingDate': '1991-06-30',
  'acceptedDate': '1991-06-30',
  'calendarYear': '1991',
  'period': 'FY',
  'revenue': 1843400000,
  'costOfRevenue': 286800000,
  'grossProfit': 1556600000,
  'grossProfitRatio': 0.8444179234024086,
  'researchAndDevelopmentExpenses': 0.0,
  'generalAndAdministrativeExpenses': 0.0,
  'sellingAndMarketingExpenses': 0.0,
  'sellingGeneralAndAdministrativeExpenses': 831000000,
  'otherExpenses': 75800000,
  'operatingExpenses': 906800000,
  'costAndExpenses': 1193600000,
  'interestIncome': 0.0,
  'interestExpense': 0.0,
  'depreciationAndAmortization': 75800000,
  'ebitda': 746400000,
  'ebitdaratio': 0.4049039817728111,
  'operatingIncome': 649800000,
  'operatingIncomeRatio': 0.3525008137137897,
  'totalOtherIncomeExpensesNet': 20800000,
  'incomeBeforeTax': 670600000,
  'incomeBeforeTaxRatio': 0.3637843115981339,
  'incomeTaxExpense': 207900000,
  'netIncome': 462700000,
  'netIncomeRatio': 0.2510035803406748,
  'eps': 0.055,
  'epsdiluted': 0.055,
  'weightedAverageShsOut': 8412727273,
  'weightedAverageShsOutDil': 8412727273,
  'link': '',
  'finalLink': ''},
 {'date': '1990-06-30',
  'symbol': 'MSFT',
  'reportedCurrency': 'USD',
  'cik': '0000789019',
  'fillingDate': '1990-06-30',
  'acceptedDate': '1990-06-30',
  'calendarYear': '1990',
  'period': 'FY',
  'revenue': 1183400000,
  'costOfRevenue': 206400000,
  'grossProfit': 977000000,
  'grossProfitRatio': 0.8255872908568531,
  'researchAndDevelopmentExpenses': 0.0,
  'generalAndAdministrativeExpenses': 0.0,
  'sellingAndMarketingExpenses': 0.0,
  'sellingGeneralAndAdministrativeExpenses': 537500000,
  'otherExpenses': 46300000,
  'operatingExpenses': 583800000,
  'costAndExpenses': 790200000,
  'interestIncome': 0.0,
  'interestExpense': 0.0,
  'depreciationAndAmortization': 46300000,
  'ebitda': 456900000,
  'ebitdaratio': 0.3860909244549603,
  'operatingIncome': 393200000,
  'operatingIncomeRatio': 0.3322629711002197,
  'totalOtherIncomeExpensesNet': 17400000,
  'incomeBeforeTax': 410600000,
  'incomeBeforeTaxRatio': 0.3469663680919385,
  'incomeTaxExpense': 131400000,
  'netIncome': 279200000,
  'netIncomeRatio': 0.23593037011999324,
  'eps': 0.035,
  'epsdiluted': 0.035,
  'weightedAverageShsOut': 7977142857,
  'weightedAverageShsOutDil': 7977142857,
  'link': '',
  'finalLink': ''},
 {'date': '1989-06-30',
  'symbol': 'MSFT',
  'reportedCurrency': 'USD',
  'cik': '0000789019',
  'fillingDate': '1989-06-30',
  'acceptedDate': '1989-06-30',
  'calendarYear': '1989',
  'period': 'FY',
  'revenue': 803500000,
  'costOfRevenue': 180000000,
  'grossProfit': 623500000,
  'grossProfitRatio': 0.775980087118855,
  'researchAndDevelopmentExpenses': 0.0,
  'generalAndAdministrativeExpenses': 0.0,
  'sellingAndMarketingExpenses': 0.0,
  'sellingGeneralAndAdministrativeExpenses': 357100000,
  'otherExpenses': 24200000,
  'operatingExpenses': 381300000,
  'costAndExpenses': 561300000,
  'interestIncome': 0.0,
  'interestExpense': 0.0,
  'depreciationAndAmortization': 24200000,
  'ebitda': 275000000,
  'ebitdaratio': 0.3422526446795271,
  'operatingIncome': 242200000,
  'operatingIncomeRatio': 0.3014312383322962,
  'totalOtherIncomeExpensesNet': 8600000.0,
  'incomeBeforeTax': 250800000,
  'incomeBeforeTaxRatio': 0.3121344119477287,
  'incomeTaxExpense': 80300000,
  'netIncome': 170500000,
  'netIncomeRatio': 0.21219663970130678,
  'eps': 0.025,
  'epsdiluted': 0.025,
  'weightedAverageShsOut': 6820000000,
  'weightedAverageShsOutDil': 6820000000,
  'link': '',
  'finalLink': ''},
 {'date': '1988-06-30',
  'symbol': 'MSFT',
  'reportedCurrency': 'USD',
  'cik': '0000789019',
  'fillingDate': '1988-06-30',
  'acceptedDate': '1988-06-30',
  'calendarYear': '1988',
  'period': 'FY',
  'revenue': 590800000,
  'costOfRevenue': 132000000,
  'grossProfit': 458800000,
  'grossProfitRatio': 0.7765741367637102,
  'researchAndDevelopmentExpenses': 0.0,
  'generalAndAdministrativeExpenses': 0.0,
  'sellingAndMarketingExpenses': 0.0,
  'sellingGeneralAndAdministrativeExpenses': 255400000,
  'otherExpenses': 16000000,
  'operatingExpenses': 271400000,
  'costAndExpenses': 403400000,
  'interestIncome': 0.0,
  'interestExpense': 0.0,
  'depreciationAndAmortization': 16000000,
  'ebitda': 199700000,
  'ebitdaratio': 0.3380162491536899,
  'operatingIncome': 187400000,
  'operatingIncomeRatio': 0.3171970209884902,
  'totalOtherIncomeExpensesNet': -3700000.0,
  'incomeBeforeTax': 183700000,
  'incomeBeforeTaxRatio': 0.31093432633716994,
  'incomeTaxExpense': 59800000,
  'netIncome': 123900000,
  'netIncomeRatio': 0.20971563981042654,
  'eps': 0.02,
  'epsdiluted': 0.02,
  'weightedAverageShsOut': 6195000000,
  'weightedAverageShsOutDil': 6195000000,
  'link': '',
  'finalLink': ''},
 {'date': '1987-06-30',
  'symbol': 'MSFT',
  'reportedCurrency': 'USD',
  'cik': '0000789019',
  'fillingDate': '1987-06-30',
  'acceptedDate': '1987-06-30',
  'calendarYear': '1987',
  'period': 'FY',
  'revenue': 345900000,
  'costOfRevenue': 66300000,
  'grossProfit': 279600000,
  'grossProfitRatio': 0.808326105810928,
  'researchAndDevelopmentExpenses': 0.0,
  'generalAndAdministrativeExpenses': 0.0,
  'sellingAndMarketingExpenses': 0.0,
  'sellingGeneralAndAdministrativeExpenses': 145100000,
  'otherExpenses': 7600000.0,
  'operatingExpenses': 152700000,
  'costAndExpenses': 219000000,
  'interestIncome': 0.0,
  'interestExpense': 0.0,
  'depreciationAndAmortization': 7600000.0,
  'ebitda': 129000000,
  'ebitdaratio': 0.37294015611448394,
  'operatingIncome': 126900000,
  'operatingIncomeRatio': 0.3668690372940156,
  'totalOtherIncomeExpensesNet': -5500000.0,
  'incomeBeforeTax': 121400000,
  'incomeBeforeTaxRatio': 0.3509684880023128,
  'incomeTaxExpense': 49500000,
  'netIncome': 71900000,
  'netIncomeRatio': 0.20786354437698756,
  'eps': 0.01,
  'epsdiluted': 0.01,
  'weightedAverageShsOut': 7190000000,
  'weightedAverageShsOutDil': 7190000000,
  'link': '',
  'finalLink': ''},
 {'date': '1986-06-30',
  'symbol': 'MSFT',
  'reportedCurrency': 'USD',
  'cik': '0000789019',
  'fillingDate': '1986-06-30',
  'acceptedDate': '1986-06-30',
  'calendarYear': '1986',
  'period': 'FY',
  'revenue': 197500000,
  'costOfRevenue': 35100000,
  'grossProfit': 162400000,
  'grossProfitRatio': 0.8222784810126582,
  'researchAndDevelopmentExpenses': 0.0,
  'generalAndAdministrativeExpenses': 0.0,
  'sellingAndMarketingExpenses': 0.0,
  'sellingGeneralAndAdministrativeExpenses': 95700000,
  'otherExpenses': 5800000.0,
  'operatingExpenses': 101500000,
  'costAndExpenses': 136600000,
  'interestIncome': 0.0,
  'interestExpense': 0.0,
  'depreciationAndAmortization': 5800000.0,
  'ebitda': 71800000,
  'ebitdaratio': 0.3635443037974683,
  'operatingIncome': 60900000,
  'operatingIncomeRatio': 0.30835443037974686,
  'totalOtherIncomeExpensesNet': 5100000.0,
  'incomeBeforeTax': 66000000,
  'incomeBeforeTaxRatio': 0.3341772151898734,
  'incomeTaxExpense': 26700000,
  'netIncome': 39300000,
  'netIncomeRatio': 0.1989873417721519,
  'eps': 0.005352473305731096,
  'epsdiluted': 0.005352473305731096,
  'weightedAverageShsOut': 7342400000,
  'weightedAverageShsOutDil': 7342400000,
  'link': '',
  'finalLink': ''}]

````

### Exemple 3 Meta Balance Sheet Statement

Code :

````python

print(get_jsonparsed_data(f"https://<i></i>financialmodelingprep.com/api/v3/balance-sheet-statement/META?apikey=ce82b6a14287d6b24fdcaf5468401b12&limit=120"))

````

Output :

````python

[{'date': '2021-12-31',
  'symbol': 'META',
  'reportedCurrency': 'USD',
  'cik': '0001326801',
  'fillingDate': '2022-02-03',
  'acceptedDate': '2022-02-02 21:11:04',
  'calendarYear': '2021',
  'period': 'FY',
  'cashAndCashEquivalents': 16601000000,
  'shortTermInvestments': 31397000000,
  'cashAndShortTermInvestments': 47998000000,
  'netReceivables': 14039000000,
  'inventory': 0.0,
  'otherCurrentAssets': 4629000000,
  'totalCurrentAssets': 66666000000,
  'propertyPlantEquipmentNet': 69964000000,
  'goodwill': 19197000000,
  'intangibleAssets': 634000000,
  'goodwillAndIntangibleAssets': 19831000000,
  'longTermInvestments': 6775000000,
  'taxAssets': 0.0,
  'otherNonCurrentAssets': 2751000000,
  'totalNonCurrentAssets': 99321000000,
  'otherAssets': 0.0,
  'totalAssets': 165987000000,
  'accountPayables': 4083000000,
  'shortTermDebt': 1127000000,
  'taxPayables': 1256000000,
  'deferredRevenue': 561000000,
  'otherCurrentLiabilities': 14108000000,
  'totalCurrentLiabilities': 21135000000,
  'longTermDebt': 12746000000,
  'deferredRevenueNonCurrent': 0.0,
  'deferredTaxLiabilitiesNonCurrent': 0.0,
  'otherNonCurrentLiabilities': 7227000000,
  'totalNonCurrentLiabilities': 19973000000,
  'otherLiabilities': 0.0,
  'capitalLeaseObligations': 13873000000,
  'totalLiabilities': 41108000000,
  'preferredStock': 0.0,
  'commonStock': 0.0,
  'retainedEarnings': 69761000000,
  'accumulatedOtherComprehensiveIncomeLoss': -693000000,
  'othertotalStockholdersEquity': 55811000000,
  'totalStockholdersEquity': 124879000000,
  'totalLiabilitiesAndStockholdersEquity': 165987000000,
  'minorityInterest': 0,
  'totalEquity': 124879000000,
  'totalLiabilitiesAndTotalEquity': 165987000000,
  'totalInvestments': 38172000000,
  'totalDebt': 13873000000,
  'netDebt': -2728000000,
  'link': 'https://www.sec.gov/Archives/edgar/data/1326801/000132680122000018/0001326801-22-000018-index.htm',
  'finalLink': 'https://www.sec.gov/Archives/edgar/data/1326801/000132680122000018/fb-20211231.htm'},
 {'date': '2020-12-31',
  'symbol': 'META',
  'reportedCurrency': 'USD',
  'cik': '0001326801',
  'fillingDate': '2021-01-28',
  'acceptedDate': '2021-01-27 21:13:48',
  'calendarYear': '2020',
  'period': 'FY',
  'cashAndCashEquivalents': 17576000000,
  'shortTermInvestments': 44378000000,
  'cashAndShortTermInvestments': 61954000000,
  'netReceivables': 11335000000,
  'inventory': 0.0,
  'otherCurrentAssets': 2381000000,
  'totalCurrentAssets': 75670000000,
  'propertyPlantEquipmentNet': 54981000000,
  'goodwill': 19050000000,
  'intangibleAssets': 623000000,
  'goodwillAndIntangibleAssets': 19673000000,
  'longTermInvestments': 6234000000,
  'taxAssets': 0.0,
  'otherNonCurrentAssets': 2758000000,
  'totalNonCurrentAssets': 83646000000,
  'otherAssets': 0.0,
  'totalAssets': 159316000000,
  'accountPayables': 1331000000,
  'shortTermDebt': 1023000000,
  'taxPayables': 2038000000,
  'deferredRevenue': 382000000,
  'otherCurrentLiabilities': 10207000000,
  'totalCurrentLiabilities': 14981000000,
  'longTermDebt': 9631000000,
  'deferredRevenueNonCurrent': 0.0,
  'deferredTaxLiabilitiesNonCurrent': 0.0,
  'otherNonCurrentLiabilities': 6414000000,
  'totalNonCurrentLiabilities': 16045000000,
  'otherLiabilities': 0.0,
  'capitalLeaseObligations': 10654000000,
  'totalLiabilities': 31026000000,
  'preferredStock': 0.0,
  'commonStock': 0.0,
  'retainedEarnings': 77345000000,
  'accumulatedOtherComprehensiveIncomeLoss': 927000000,
  'othertotalStockholdersEquity': 50018000000,
  'totalStockholdersEquity': 128290000000,
  'totalLiabilitiesAndStockholdersEquity': 159316000000,
  'minorityInterest': 0,
  'totalEquity': 128290000000,
  'totalLiabilitiesAndTotalEquity': 159316000000,
  'totalInvestments': 50612000000,
  'totalDebt': 10654000000,
  'netDebt': -6922000000,
  'link': 'https://www.sec.gov/Archives/edgar/data/1326801/000132680121000014/0001326801-21-000014-index.htm',
  'finalLink': 'https://www.sec.gov/Archives/edgar/data/1326801/000132680121000014/fb-20201231.htm'},
 {'date': '2019-12-31',
  'symbol': 'META',
  'reportedCurrency': 'USD',
  'cik': '0001326801',
  'fillingDate': '2020-01-30',
  'acceptedDate': '2020-01-29 21:12:14',
  'calendarYear': '2019',
  'period': 'FY',
  'cashAndCashEquivalents': 19079000000,
  'shortTermInvestments': 35776000000,
  'cashAndShortTermInvestments': 54855000000,
  'netReceivables': 9518000000,
  'inventory': 0.0,
  'otherCurrentAssets': 1852000000,
  'totalCurrentAssets': 66225000000,
  'propertyPlantEquipmentNet': 44783000000,
  'goodwill': 18715000000,
  'intangibleAssets': 894000000,
  'goodwillAndIntangibleAssets': 19609000000,
  'longTermInvestments': 0.0,
  'taxAssets': 0.0,
  'otherNonCurrentAssets': 2759000000,
  'totalNonCurrentAssets': 67151000000,
  'otherAssets': 0.0,
  'totalAssets': 133376000000,
  'accountPayables': 1363000000,
  'shortTermDebt': 1077000000,
  'taxPayables': 624000000,
  'deferredRevenue': 269000000,
  'otherCurrentLiabilities': 11720000000,
  'totalCurrentLiabilities': 15053000000,
  'longTermDebt': 9524000000,
  'deferredRevenueNonCurrent': 0.0,
  'deferredTaxLiabilitiesNonCurrent': 1039000000,
  'otherNonCurrentLiabilities': 6706000000,
  'totalNonCurrentLiabilities': 17269000000,
  'otherLiabilities': 0.0,
  'capitalLeaseObligations': 10324000000,
  'totalLiabilities': 32322000000,
  'preferredStock': 0.0,
  'commonStock': 0.0,
  'retainedEarnings': 55692000000,
  'accumulatedOtherComprehensiveIncomeLoss': -489000000,
  'othertotalStockholdersEquity': 45851000000,
  'totalStockholdersEquity': 101054000000,
  'totalLiabilitiesAndStockholdersEquity': 133376000000,
  'minorityInterest': 0,
  'totalEquity': 101054000000,
  'totalLiabilitiesAndTotalEquity': 133376000000,
  'totalInvestments': 0.0,
  'totalDebt': 10601000000,
  'netDebt': -8478000000,
  'link': 'https://www.sec.gov/Archives/edgar/data/1326801/000132680120000013/0001326801-20-000013-index.htm',
  'finalLink': 'https://www.sec.gov/Archives/edgar/data/1326801/000132680120000013/fb-12312019x10k.htm'},
 {'date': '2018-12-31',
  'symbol': 'META',
  'reportedCurrency': 'USD',
  'cik': '0001326801',
  'fillingDate': '2019-01-31',
  'acceptedDate': '2019-01-31 16:58:29',
  'calendarYear': '2018',
  'period': 'FY',
  'cashAndCashEquivalents': 10019000000,
  'shortTermInvestments': 31095000000,
  'cashAndShortTermInvestments': 41114000000,
  'netReceivables': 7587000000,
  'inventory': 0.0,
  'otherCurrentAssets': 1779000000,
  'totalCurrentAssets': 50480000000,
  'propertyPlantEquipmentNet': 24683000000,
  'goodwill': 18301000000,
  'intangibleAssets': 1294000000,
  'goodwillAndIntangibleAssets': 19595000000,
  'longTermInvestments': 0.0,
  'taxAssets': 0.0,
  'otherNonCurrentAssets': 2576000000,
  'totalNonCurrentAssets': 46854000000,
  'otherAssets': 0.0,
  'totalAssets': 97334000000,
  'accountPayables': 820000000,
  'shortTermDebt': 500000000,
  'taxPayables': 491000000,
  'deferredRevenue': 147000000,
  'otherCurrentLiabilities': 5059000000,
  'totalCurrentLiabilities': 7017000000,
  'longTermDebt': 0.0,
  'deferredRevenueNonCurrent': 0.0,
  'deferredTaxLiabilitiesNonCurrent': 673000000,
  'otherNonCurrentLiabilities': 5517000000,
  'totalNonCurrentLiabilities': 6190000000,
  'otherLiabilities': 0.0,
  'capitalLeaseObligations': 0.0,
  'totalLiabilities': 13207000000,
  'preferredStock': 0.0,
  'commonStock': 0.0,
  'retainedEarnings': 41981000000,
  'accumulatedOtherComprehensiveIncomeLoss': -760000000,
  'othertotalStockholdersEquity': 42906000000,
  'totalStockholdersEquity': 84127000000,
  'totalLiabilitiesAndStockholdersEquity': 97334000000,
  'minorityInterest': 0,
  'totalEquity': 84127000000,
  'totalLiabilitiesAndTotalEquity': 97334000000,
  'totalInvestments': 0.0,
  'totalDebt': 500000000,
  'netDebt': -9519000000,
  'link': 'https://www.sec.gov/Archives/edgar/data/1326801/000132680119000009/0001326801-19-000009-index.htm',
  'finalLink': 'https://www.sec.gov/Archives/edgar/data/1326801/000132680119000009/fb-12312018x10k.htm'},
 {'date': '2017-12-31',
  'symbol': 'META',
  'reportedCurrency': 'USD',
  'cik': '0001326801',
  'fillingDate': '2018-02-01',
  'acceptedDate': '2018-02-01 16:58:26',
  'calendarYear': '2017',
  'period': 'FY',
  'cashAndCashEquivalents': 8079000000,
  'shortTermInvestments': 33632000000,
  'cashAndShortTermInvestments': 41711000000,
  'netReceivables': 5832000000,
  'inventory': 0.0,
  'otherCurrentAssets': 1020000000,
  'totalCurrentAssets': 48563000000,
  'propertyPlantEquipmentNet': 13721000000,
  'goodwill': 18221000000,
  'intangibleAssets': 1884000000,
  'goodwillAndIntangibleAssets': 20105000000,
  'longTermInvestments': 0.0,
  'taxAssets': 0.0,
  'otherNonCurrentAssets': 2135000000,
  'totalNonCurrentAssets': 35961000000,
  'otherAssets': 0.0,
  'totalAssets': 84524000000,
  'accountPayables': 380000000,
  'shortTermDebt': 0.0,
  'taxPayables': 230000000,
  'deferredRevenue': 98000000,
  'otherCurrentLiabilities': 3052000000,
  'totalCurrentLiabilities': 3760000000,
  'longTermDebt': 0.0,
  'deferredRevenueNonCurrent': 0.0,
  'deferredTaxLiabilitiesNonCurrent': 0.0,
  'otherNonCurrentLiabilities': 6417000000,
  'totalNonCurrentLiabilities': 6417000000,
  'otherLiabilities': 0.0,
  'capitalLeaseObligations': 0.0,
  'totalLiabilities': 10177000000,
  'preferredStock': 0.0,
  'commonStock': 0.0,
  'retainedEarnings': 33990000000,
  'accumulatedOtherComprehensiveIncomeLoss': -227000000,
  'othertotalStockholdersEquity': 40584000000,
  'totalStockholdersEquity': 74347000000,
  'totalLiabilitiesAndStockholdersEquity': 84524000000,
  'minorityInterest': 0,
  'totalEquity': 74347000000,
  'totalLiabilitiesAndTotalEquity': 84524000000,
  'totalInvestments': 0.0,
  'totalDebt': 0.0,
  'netDebt': -8079000000,
  'link': 'https://www.sec.gov/Archives/edgar/data/1326801/000132680118000009/0001326801-18-000009-index.htm',
  'finalLink': 'https://www.sec.gov/Archives/edgar/data/1326801/000132680118000009/fb-12312017x10k.htm'},
 {'date': '2016-12-31',
  'symbol': 'META',
  'reportedCurrency': 'USD',
  'cik': '0001326801',
  'fillingDate': '2017-02-03',
  'acceptedDate': '2017-02-02 21:13:52',
  'calendarYear': '2016',
  'period': 'FY',
  'cashAndCashEquivalents': 8903000000,
  'shortTermInvestments': 20546000000,
  'cashAndShortTermInvestments': 29449000000,
  'netReceivables': 3993000000,
  'inventory': 0.0,
  'otherCurrentAssets': 959000000,
  'totalCurrentAssets': 34401000000,
  'propertyPlantEquipmentNet': 8591000000,
  'goodwill': 18122000000,
  'intangibleAssets': 2535000000,
  'goodwillAndIntangibleAssets': 20657000000,
  'longTermInvestments': 0.0,
  'taxAssets': 0.0,
  'otherNonCurrentAssets': 1312000000,
  'totalNonCurrentAssets': 30560000000,
  'otherAssets': 0.0,
  'totalAssets': 64961000000,
  'accountPayables': 302000000,
  'shortTermDebt': 0.0,
  'taxPayables': 0.0,
  'deferredRevenue': 90000000,
  'otherCurrentLiabilities': 2483000000,
  'totalCurrentLiabilities': 2875000000,
  'longTermDebt': 0.0,
  'deferredRevenueNonCurrent': 0.0,
  'deferredTaxLiabilitiesNonCurrent': 0.0,
  'otherNonCurrentLiabilities': 2892000000,
  'totalNonCurrentLiabilities': 2892000000,
  'otherLiabilities': 0.0,
  'capitalLeaseObligations': 0.0,
  'totalLiabilities': 5767000000,
  'preferredStock': 0.0,
  'commonStock': 0.0,
  'retainedEarnings': 21670000000,
  'accumulatedOtherComprehensiveIncomeLoss': -703000000,
  'othertotalStockholdersEquity': 38227000000,
  'totalStockholdersEquity': 59194000000,
  'totalLiabilitiesAndStockholdersEquity': 64961000000,
  'minorityInterest': 0,
  'totalEquity': 59194000000,
  'totalLiabilitiesAndTotalEquity': 64961000000,
  'totalInvestments': 0.0,
  'totalDebt': 0.0,
  'netDebt': -8903000000,
  'link': 'https://www.sec.gov/Archives/edgar/data/1326801/000132680117000007/0001326801-17-000007-index.htm',
  'finalLink': 'https://www.sec.gov/Archives/edgar/data/1326801/000132680117000007/fb-12312016x10k.htm'},
 {'date': '2015-12-31',
  'symbol': 'META',
  'reportedCurrency': 'USD',
  'cik': '0001326801',
  'fillingDate': '2016-01-28',
  'acceptedDate': '2016-01-28 16:17:07',
  'calendarYear': '2015',
  'period': 'FY',
  'cashAndCashEquivalents': 4907000000,
  'shortTermInvestments': 13527000000,
  'cashAndShortTermInvestments': 18434000000,
  'netReceivables': 2559000000,
  'inventory': 0.0,
  'otherCurrentAssets': 659000000,
  'totalCurrentAssets': 21652000000,
  'propertyPlantEquipmentNet': 5687000000,
  'goodwill': 18026000000,
  'intangibleAssets': 3246000000,
  'goodwillAndIntangibleAssets': 21272000000,
  'longTermInvestments': 0.0,
  'taxAssets': 0.0,
  'otherNonCurrentAssets': 796000000,
  'totalNonCurrentAssets': 27755000000,
  'otherAssets': 0.0,
  'totalAssets': 49407000000,
  'accountPayables': 196000000,
  'shortTermDebt': 208000000,
  'taxPayables': 0.0,
  'deferredRevenue': 56000000,
  'otherCurrentLiabilities': 1465000000,
  'totalCurrentLiabilities': 1925000000,
  'longTermDebt': 107000000,
  'deferredRevenueNonCurrent': 0.0,
  'deferredTaxLiabilitiesNonCurrent': 163000000,
  'otherNonCurrentLiabilities': 2994000000,
  'totalNonCurrentLiabilities': 3264000000,
  'otherLiabilities': 0.0,
  'capitalLeaseObligations': 114000000,
  'totalLiabilities': 5189000000,
  'preferredStock': 0.0,
  'commonStock': 0.0,
  'retainedEarnings': 9787000000,
  'accumulatedOtherComprehensiveIncomeLoss': -455000000,
  'othertotalStockholdersEquity': 34886000000,
  'totalStockholdersEquity': 44218000000,
  'totalLiabilitiesAndStockholdersEquity': 49407000000,
  'minorityInterest': 0,
  'totalEquity': 44218000000,
  'totalLiabilitiesAndTotalEquity': 49407000000,
  'totalInvestments': 0.0,
  'totalDebt': 315000000,
  'netDebt': -4592000000,
  'link': 'https://www.sec.gov/Archives/edgar/data/1326801/000132680116000063/0001326801-16-000063-index.htm',
  'finalLink': 'https://www.sec.gov/Archives/edgar/data/1326801/000132680116000063/a1231201510-ka.htm'},
 {'date': '2014-12-31',
  'symbol': 'META',
  'reportedCurrency': 'USD',
  'cik': '0001326801',
  'fillingDate': '2015-02-13',
  'acceptedDate': '2015-02-13 17:19:03',
  'calendarYear': '2014',
  'period': 'FY',
  'cashAndCashEquivalents': 4315000000,
  'shortTermInvestments': 6884000000,
  'cashAndShortTermInvestments': 11199000000,
  'netReceivables': 1678000000,
  'inventory': 0.0,
  'otherCurrentAssets': 793000000,
  'totalCurrentAssets': 13670000000,
  'propertyPlantEquipmentNet': 3967000000,
  'goodwill': 17981000000,
  'intangibleAssets': 3929000000,
  'goodwillAndIntangibleAssets': 21910000000,
  'longTermInvestments': 0.0,
  'taxAssets': 0.0,
  'otherNonCurrentAssets': 637000000,
  'totalNonCurrentAssets': 26514000000,
  'otherAssets': 0.0,
  'totalAssets': 40184000000,
  'accountPayables': 176000000,
  'shortTermDebt': 114000000,
  'taxPayables': 0.0,
  'deferredRevenue': 66000000,
  'otherCurrentLiabilities': 1068000000,
  'totalCurrentLiabilities': 1424000000,
  'longTermDebt': 119000000,
  'deferredRevenueNonCurrent': 0.0,
  'deferredTaxLiabilitiesNonCurrent': 987000000,
  'otherNonCurrentLiabilities': 1558000000,
  'totalNonCurrentLiabilities': 2664000000,
  'otherLiabilities': 0.0,
  'capitalLeaseObligations': 233000000,
  'totalLiabilities': 4088000000,
  'preferredStock': 0.0,
  'commonStock': 0.0,
  'retainedEarnings': 6099000000,
  'accumulatedOtherComprehensiveIncomeLoss': -228000000,
  'othertotalStockholdersEquity': 30225000000,
  'totalStockholdersEquity': 36096000000,
  'totalLiabilitiesAndStockholdersEquity': 40184000000,
  'minorityInterest': 0,
  'totalEquity': 36096000000,
  'totalLiabilitiesAndTotalEquity': 40184000000,
  'totalInvestments': 0.0,
  'totalDebt': 233000000,
  'netDebt': -4082000000,
  'link': 'https://www.sec.gov/Archives/edgar/data/1326801/000132680115000010/0001326801-15-000010-index.htm',
  'finalLink': 'https://www.sec.gov/Archives/edgar/data/1326801/000132680115000010/amendment1form10-ka.htm'},
 {'date': '2013-12-31',
  'symbol': 'META',
  'reportedCurrency': 'USD',
  'cik': '0001326801',
  'fillingDate': '2014-01-31',
  'acceptedDate': '2014-01-31 16:10:34',
  'calendarYear': '2013',
  'period': 'FY',
  'cashAndCashEquivalents': 3323000000,
  'shortTermInvestments': 8126000000,
  'cashAndShortTermInvestments': 11449000000,
  'netReceivables': 1160000000,
  'inventory': 0.0,
  'otherCurrentAssets': 461000000,
  'totalCurrentAssets': 13070000000,
  'propertyPlantEquipmentNet': 2882000000,
  'goodwill': 839000000,
  'intangibleAssets': 883000000,
  'goodwillAndIntangibleAssets': 1722000000,
  'longTermInvestments': 0.0,
  'taxAssets': 0.0,
  'otherNonCurrentAssets': 221000000,
  'totalNonCurrentAssets': 4825000000,
  'otherAssets': 0.0,
  'totalAssets': 17895000000,
  'accountPayables': 87000000,
  'shortTermDebt': 239000000,
  'taxPayables': 0.0,
  'deferredRevenue': 38000000,
  'otherCurrentLiabilities': 736000000,
  'totalCurrentLiabilities': 1100000000,
  'longTermDebt': 237000000,
  'deferredRevenueNonCurrent': 0.0,
  'deferredTaxLiabilitiesNonCurrent': 0.0,
  'otherNonCurrentLiabilities': 1088000000,
  'totalNonCurrentLiabilities': 1325000000,
  'otherLiabilities': 0.0,
  'capitalLeaseObligations': 476000000,
  'totalLiabilities': 2425000000,
  'preferredStock': 0.0,
  'commonStock': 0.0,
  'retainedEarnings': 3159000000,
  'accumulatedOtherComprehensiveIncomeLoss': 14000000,
  'othertotalStockholdersEquity': 12297000000,
  'totalStockholdersEquity': 15470000000,
  'totalLiabilitiesAndStockholdersEquity': 17895000000,
  'minorityInterest': 0,
  'totalEquity': 15470000000,
  'totalLiabilitiesAndTotalEquity': 17895000000,
  'totalInvestments': 0.0,
  'totalDebt': 476000000,
  'netDebt': -2847000000,
  'link': 'https://www.sec.gov/Archives/edgar/data/1326801/000132680114000007/0001326801-14-000007-index.htm',
  'finalLink': 'https://www.sec.gov/Archives/edgar/data/1326801/000132680114000007/fb-12312013x10k.htm'},
 {'date': '2012-12-31',
  'symbol': 'META',
  'reportedCurrency': 'USD',
  'cik': '0001326801',
  'fillingDate': '2013-02-01',
  'acceptedDate': '2013-02-01 16:43:01',
  'calendarYear': '2012',
  'period': 'FY',
  'cashAndCashEquivalents': 2384000000,
  'shortTermInvestments': 7242000000,
  'cashAndShortTermInvestments': 9626000000,
  'netReceivables': 1170000000,
  'inventory': 0.0,
  'otherCurrentAssets': 471000000,
  'totalCurrentAssets': 11267000000,
  'propertyPlantEquipmentNet': 2391000000,
  'goodwill': 587000000,
  'intangibleAssets': 801000000,
  'goodwillAndIntangibleAssets': 1388000000,
  'longTermInvestments': 0.0,
  'taxAssets': 0.0,
  'otherNonCurrentAssets': 57000000,
  'totalNonCurrentAssets': 3836000000,
  'otherAssets': 0.0,
  'totalAssets': 15103000000,
  'accountPayables': 65000000,
  'shortTermDebt': 365000000,
  'taxPayables': 0.0,
  'deferredRevenue': 30000000,
  'otherCurrentLiabilities': 592000000,
  'totalCurrentLiabilities': 1052000000,
  'longTermDebt': 1991000000,
  'deferredRevenueNonCurrent': 0.0,
  'deferredTaxLiabilitiesNonCurrent': 0.0,
  'otherNonCurrentLiabilities': 305000000,
  'totalNonCurrentLiabilities': 2296000000,
  'otherLiabilities': 0.0,
  'capitalLeaseObligations': 856000000,
  'totalLiabilities': 3348000000,
  'preferredStock': 0.0,
  'commonStock': 0.0,
  'retainedEarnings': 1659000000,
  'accumulatedOtherComprehensiveIncomeLoss': 2000000.0,
  'othertotalStockholdersEquity': 10094000000,
  'totalStockholdersEquity': 11755000000,
  'totalLiabilitiesAndStockholdersEquity': 15103000000,
  'minorityInterest': 0,
  'totalEquity': 11755000000,
  'totalLiabilitiesAndTotalEquity': 15103000000,
  'totalInvestments': 0.0,
  'totalDebt': 2356000000,
  'netDebt': -28000000,
  'link': 'https://www.sec.gov/Archives/edgar/data/1326801/000132680113000003/0001326801-13-000003-index.htm',
  'finalLink': 'https://www.sec.gov/Archives/edgar/data/1326801/000132680113000003/fb-12312012x10k.htm'},
 {'date': '2011-12-31',
  'symbol': 'META',
  'reportedCurrency': 'USD',
  'cik': '0001326801',
  'fillingDate': '2011-12-31',
  'acceptedDate': '2011-12-31',
  'calendarYear': '2011',
  'period': 'FY',
  'cashAndCashEquivalents': 1512000000,
  'shortTermInvestments': 2396000000,
  'cashAndShortTermInvestments': 3908000000,
  'netReceivables': 547000000,
  'inventory': 0.0,
  'otherCurrentAssets': 149000000,
  'totalCurrentAssets': 4604000000,
  'propertyPlantEquipmentNet': 1475000000,
  'goodwill': 82000000,
  'intangibleAssets': 80000000,
  'goodwillAndIntangibleAssets': 162000000,
  'longTermInvestments': 0.0,
  'taxAssets': 0.0,
  'otherNonCurrentAssets': 90000000,
  'totalNonCurrentAssets': 1727000000,
  'otherAssets': 0.0,
  'totalAssets': 6331000000,
  'accountPayables': 63000000,
  'shortTermDebt': 279000000,
  'taxPayables': 0.0,
  'deferredRevenue': 90000000,
  'otherCurrentLiabilities': 467000000,
  'totalCurrentLiabilities': 899000000,
  'longTermDebt': 398000000,
  'deferredRevenueNonCurrent': 0.0,
  'deferredTaxLiabilitiesNonCurrent': 0.0,
  'otherNonCurrentLiabilities': 135000000,
  'totalNonCurrentLiabilities': 533000000,
  'otherLiabilities': 0.0,
  'capitalLeaseObligations': 677000000,
  'totalLiabilities': 1432000000,
  'preferredStock': 615000000,
  'commonStock': 0.0,
  'retainedEarnings': 1606000000,
  'accumulatedOtherComprehensiveIncomeLoss': -6000000.0,
  'othertotalStockholdersEquity': 2684000000,
  'totalStockholdersEquity': 4899000000,
  'totalLiabilitiesAndStockholdersEquity': 6331000000,
  'minorityInterest': 0,
  'totalEquity': 4899000000,
  'totalLiabilitiesAndTotalEquity': 6331000000,
  'totalInvestments': 0.0,
  'totalDebt': 677000000,
  'netDebt': -835000000,
  'link': '',
  'finalLink': ''},
 {'date': '2010-12-31',
  'symbol': 'META',
  'reportedCurrency': 'USD',
  'cik': '0001326801',
  'fillingDate': '2010-12-31',
  'acceptedDate': '2010-12-31',
  'calendarYear': '2010',
  'period': 'FY',
  'cashAndCashEquivalents': 1785000000,
  'shortTermInvestments': 0.0,
  'cashAndShortTermInvestments': 1785000000,
  'netReceivables': 373000000,
  'inventory': 0.0,
  'otherCurrentAssets': 88000000,
  'totalCurrentAssets': 2246000000,
  'propertyPlantEquipmentNet': 574000000,
  'goodwill': 37000000,
  'intangibleAssets': 59000000,
  'goodwillAndIntangibleAssets': 96000000,
  'longTermInvestments': 0.0,
  'taxAssets': 0.0,
  'otherNonCurrentAssets': 74000000,
  'totalNonCurrentAssets': 744000000,
  'otherAssets': 0.0,
  'totalAssets': 2990000000,
  'accountPayables': 29000000,
  'shortTermDebt': 106000000,
  'taxPayables': 0.0,
  'deferredRevenue': 42000000,
  'otherCurrentLiabilities': 212000000,
  'totalCurrentLiabilities': 389000000,
  'longTermDebt': 367000000,
  'deferredRevenueNonCurrent': 0.0,
  'deferredTaxLiabilitiesNonCurrent': 0.0,
  'otherNonCurrentLiabilities': 72000000,
  'totalNonCurrentLiabilities': 439000000,
  'otherLiabilities': 0.0,
  'capitalLeaseObligations': 223000000,
  'totalLiabilities': 828000000,
  'preferredStock': 615000000,
  'commonStock': 0.0,
  'retainedEarnings': 606000000,
  'accumulatedOtherComprehensiveIncomeLoss': -6000000.0,
  'othertotalStockholdersEquity': 947000000,
  'totalStockholdersEquity': 2162000000,
  'totalLiabilitiesAndStockholdersEquity': 2990000000,
  'minorityInterest': 0,
  'totalEquity': 2162000000,
  'totalLiabilitiesAndTotalEquity': 2990000000,
  'totalInvestments': 0.0,
  'totalDebt': 473000000,
  'netDebt': -1312000000,
  'link': '',
  'finalLink': ''}]

````

### Exemple 4 Google Income Statement

Code :

````python

print(get_jsonparsed_data(f"https://<i></i>financialmodelingprep.com/api/v3/income-statement/GOOG?limit=120&apikey=ce82b6a14287d6b24fdcaf5468401b12"))

````

Output :

````python

[{'date': '2021-12-31',
  'symbol': 'GOOG',
  'reportedCurrency': 'USD',
  'cik': '0001652044',
  'fillingDate': '2022-02-02',
  'acceptedDate': '2022-02-01 21:08:02',
  'calendarYear': '2021',
  'period': 'FY',
  'revenue': 257637000000,
  'costOfRevenue': 110939000000,
  'grossProfit': 146698000000,
  'grossProfitRatio': 0.5693980290098084,
  'researchAndDevelopmentExpenses': 31562000000,
  'generalAndAdministrativeExpenses': 13510000000,
  'sellingAndMarketingExpenses': 22912000000,
  'sellingGeneralAndAdministrativeExpenses': 36422000000,
  'otherExpenses': 0.0,
  'operatingExpenses': 67984000000,
  'costAndExpenses': 178923000000,
  'interestIncome': 1499000000,
  'interestExpense': 346000000,
  'depreciationAndAmortization': 12441000000,
  'ebitda': 103521000000,
  'ebitdaratio': 0.40180952270054376,
  'operatingIncome': 78714000000,
  'operatingIncomeRatio': 0.3055228868524319,
  'totalOtherIncomeExpensesNet': 12020000000,
  'incomeBeforeTax': 90734000000,
  'incomeBeforeTaxRatio': 0.35217767634307184,
  'incomeTaxExpense': 14701000000,
  'netIncome': 76033000000,
  'netIncomeRatio': 0.2951167728237792,
  'eps': 5.619428279176194,
  'epsdiluted': 5.619428279176194,
  'weightedAverageShsOut': 13315160000,
  'weightedAverageShsOutDil': 13530380000,
  'link': 'https://www.sec.gov/Archives/edgar/data/1652044/000165204422000019/0001652044-22-000019-index.htm',
  'finalLink': 'https://www.sec.gov/Archives/edgar/data/1652044/000165204422000019/goog-20211231.htm'},
 {'date': '2020-12-31',
  'symbol': 'GOOG',
  'reportedCurrency': 'USD',
  'cik': '0001652044',
  'fillingDate': '2021-02-03',
  'acceptedDate': '2021-02-02 20:12:25',
  'calendarYear': '2020',
  'period': 'FY',
  'revenue': 182527000000,
  'costOfRevenue': 84732000000,
  'grossProfit': 97795000000,
  'grossProfitRatio': 0.5357837470620785,
  'researchAndDevelopmentExpenses': 27573000000,
  'generalAndAdministrativeExpenses': 11052000000,
  'sellingAndMarketingExpenses': 17946000000,
  'sellingGeneralAndAdministrativeExpenses': 28998000000,
  'otherExpenses': 0.0,
  'operatingExpenses': 56571000000,
  'costAndExpenses': 141303000000,
  'interestIncome': 1865000000,
  'interestExpense': 135000000,
  'depreciationAndAmortization': 13697000000,
  'ebitda': 61914000000,
  'ebitdaratio': 0.3392046108246999,
  'operatingIncome': 41224000000,
  'operatingIncomeRatio': 0.22585151785763202,
  'totalOtherIncomeExpensesNet': 6858000000,
  'incomeBeforeTax': 48082000000,
  'incomeBeforeTaxRatio': 0.2634240413747007,
  'incomeTaxExpense': 7813000000,
  'netIncome': 40269000000,
  'netIncomeRatio': 0.22061941520980458,
  'eps': 2.930666581274708,
  'epsdiluted': 2.930666581274708,
  'weightedAverageShsOut': 13616320000,
  'weightedAverageShsOutDil': 13740560000,
  'link': 'https://www.sec.gov/Archives/edgar/data/1652044/000165204421000010/0001652044-21-000010-index.htm',
  'finalLink': 'https://www.sec.gov/Archives/edgar/data/1652044/000165204421000010/goog-20201231.htm'},
 {'date': '2019-12-31',
  'symbol': 'GOOG',
  'reportedCurrency': 'USD',
  'cik': '0001652044',
  'fillingDate': '2020-02-04',
  'acceptedDate': '2020-02-03 21:03:59',
  'calendarYear': '2019',
  'period': 'FY',
  'revenue': 161857000000,
  'costOfRevenue': 71896000000,
  'grossProfit': 89961000000,
  'grossProfitRatio': 0.5558054331910266,
  'researchAndDevelopmentExpenses': 26018000000,
  'generalAndAdministrativeExpenses': 9551000000,
  'sellingAndMarketingExpenses': 18464000000,
  'sellingGeneralAndAdministrativeExpenses': 28015000000,
  'otherExpenses': 0.0,
  'operatingExpenses': 54033000000,
  'costAndExpenses': 127626000000,
  'interestIncome': 2427000000,
  'interestExpense': 100000000,
  'depreciationAndAmortization': 11781000000,
  'ebitda': 51506000000,
  'ebitdaratio': 0.31821916877243495,
  'operatingIncome': 34231000000,
  'operatingIncomeRatio': 0.2114891540063142,
  'totalOtherIncomeExpensesNet': 5394000000,
  'incomeBeforeTax': 39625000000,
  'incomeBeforeTaxRatio': 0.24481486744471972,
  'incomeTaxExpense': 5282000000,
  'netIncome': 34343000000,
  'netIncomeRatio': 0.2121811228430034,
  'eps': 2.458142224818053,
  'epsdiluted': 2.458142224818053,
  'weightedAverageShsOut': 13851920000,
  'weightedAverageShsOutDil': 13971120000,
  'link': 'https://www.sec.gov/Archives/edgar/data/1652044/000165204420000008/0001652044-20-000008-index.htm',
  'finalLink': 'https://www.sec.gov/Archives/edgar/data/1652044/000165204420000008/goog10-k2019.htm'},
 {'date': '2018-12-31',
  'symbol': 'GOOG',
  'reportedCurrency': 'USD',
  'cik': '0001652044',
  'fillingDate': '2019-02-05',
  'acceptedDate': '2019-02-04 21:06:38',
  'calendarYear': '2018',
  'period': 'FY',
  'revenue': 136819000000,
  'costOfRevenue': 59549000000,
  'grossProfit': 77270000000,
  'grossProfitRatio': 0.5647607422945643,
  'researchAndDevelopmentExpenses': 21419000000,
  'generalAndAdministrativeExpenses': 8126000000,
  'sellingAndMarketingExpenses': 16333000000,
  'sellingGeneralAndAdministrativeExpenses': 24459000000,
  'otherExpenses': 0.0,
  'operatingExpenses': 45878000000,
  'costAndExpenses': 109295000000,
  'interestIncome': 1878000000,
  'interestExpense': 114000000,
  'depreciationAndAmortization': 9035000000,
  'ebitda': 44062000000,
  'ebitdaratio': 0.3220459146755933,
  'operatingIncome': 26321000000,
  'operatingIncomeRatio': 0.19237825155862856,
  'totalOtherIncomeExpensesNet': 8592000000,
  'incomeBeforeTax': 34913000000,
  'incomeBeforeTaxRatio': 0.255176547116994,
  'incomeTaxExpense': 4177000000,
  'netIncome': 30736000000,
  'netIncomeRatio': 0.22464716157843576,
  'eps': 2.185000000305684,
  'epsdiluted': 2.185000000305684,
  'weightedAverageShsOut': 13901402080,
  'weightedAverageShsOutDil': 14066819220,
  'link': 'https://www.sec.gov/Archives/edgar/data/1652044/000165204419000004/goog10-kq42018.htm',
  'finalLink': 'https://www.sec.gov/Archives/edgar/data/1652044/000165204419000004/goog10-kq42018.htm'},
 {'date': '2017-12-31',
  'symbol': 'GOOG',
  'reportedCurrency': 'USD',
  'cik': '0001652044',
  'fillingDate': '2018-02-06',
  'acceptedDate': '2018-02-05 20:46:29',
  'calendarYear': '2017',
  'period': 'FY',
  'revenue': 110855000000,
  'costOfRevenue': 45583000000,
  'grossProfit': 65272000000,
  'grossProfitRatio': 0.5888051959767263,
  'researchAndDevelopmentExpenses': 16625000000,
  'generalAndAdministrativeExpenses': 6872000000,
  'sellingAndMarketingExpenses': 12893000000,
  'sellingGeneralAndAdministrativeExpenses': 19765000000,
  'otherExpenses': 0.0,
  'operatingExpenses': 36390000000,
  'costAndExpenses': 84677000000,
  'interestIncome': 1312000000,
  'interestExpense': 109000000,
  'depreciationAndAmortization': 6915000000,
  'ebitda': 24393000000,
  'ebitdaratio': 0.2200442018853457,
  'operatingIncome': 26146000000,
  'operatingIncomeRatio': 0.2358576518876009,
  'totalOtherIncomeExpensesNet': 1047000000,
  'incomeBeforeTax': 27193000000,
  'incomeBeforeTaxRatio': 0.2453024220829011,
  'incomeTaxExpense': 4707000000,
  'netIncome': 12662000000,
  'netIncomeRatio': 0.11422128005051645,
  'eps': 0.9000000005686305,
  'epsdiluted': 0.9000000005686305,
  'weightedAverageShsOut': 13860974280,
  'weightedAverageShsOutDil': 14068888880,
  'link': 'https://www.sec.gov/Archives/edgar/data/1652044/000165204418000007/goog10-kq42017.htm',
  'finalLink': 'https://www.sec.gov/Archives/edgar/data/1652044/000165204418000007/goog10-kq42017.htm'},
 {'date': '2016-12-31',
  'symbol': 'GOOG',
  'reportedCurrency': 'USD',
  'cik': '0001652044',
  'fillingDate': '2017-02-03',
  'acceptedDate': '2017-02-02 18:13:47',
  'calendarYear': '2016',
  'period': 'FY',
  'revenue': 90272000000,
  'costOfRevenue': 35138000000,
  'grossProfit': 55134000000,
  'grossProfitRatio': 0.6107541651896491,
  'researchAndDevelopmentExpenses': 13948000000,
  'generalAndAdministrativeExpenses': 6985000000,
  'sellingAndMarketingExpenses': 10485000000,
  'sellingGeneralAndAdministrativeExpenses': 17470000000,
  'otherExpenses': 0.0,
  'operatingExpenses': 31418000000,
  'costAndExpenses': 66556000000,
  'interestIncome': 1220000000,
  'interestExpense': 124000000,
  'depreciationAndAmortization': 6144000000,
  'ebitda': 30418000000,
  'ebitdaratio': 0.33695941155618575,
  'operatingIncome': 23716000000,
  'operatingIncomeRatio': 0.26271712158808935,
  'totalOtherIncomeExpensesNet': 434000000,
  'incomeBeforeTax': 24150000000,
  'incomeBeforeTaxRatio': 0.26752481389578164,
  'incomeTaxExpense': 4672000000,
  'netIncome': 19478000000,
  'netIncomeRatio': 0.2157701169797944,
  'eps': 1.3925000001465564,
  'epsdiluted': 1.3925000001465564,
  'weightedAverageShsOut': 13755649720,
  'weightedAverageShsOutDil': 13987791740,
  'link': 'https://www.sec.gov/Archives/edgar/data/1652044/000165204417000008/goog10-kq42016.htm',
  'finalLink': 'https://www.sec.gov/Archives/edgar/data/1652044/000165204417000008/goog10-kq42016.htm'},
 {'date': '2015-12-31',
  'symbol': 'GOOG',
  'reportedCurrency': 'USD',
  'cik': '0001652044',
  'fillingDate': '2016-02-11',
  'acceptedDate': '2016-02-11 16:38:35',
  'calendarYear': '2015',
  'period': 'FY',
  'revenue': 74989000000,
  'costOfRevenue': 28164000000,
  'grossProfit': 46825000000,
  'grossProfitRatio': 0.6244249156542959,
  'researchAndDevelopmentExpenses': 12282000000,
  'generalAndAdministrativeExpenses': 6136000000,
  'sellingAndMarketingExpenses': 9047000000,
  'sellingGeneralAndAdministrativeExpenses': 15183000000,
  'otherExpenses': 0.0,
  'operatingExpenses': 27465000000,
  'costAndExpenses': 55629000000,
  'interestIncome': 999000000,
  'interestExpense': 104000000,
  'depreciationAndAmortization': 5063000000,
  'ebitda': 24818000000,
  'ebitdaratio': 0.3309552067636587,
  'operatingIncome': 19360000000,
  'operatingIncomeRatio': 0.25817119844243824,
  'totalOtherIncomeExpensesNet': 291000000,
  'incomeBeforeTax': 19651000000,
  'incomeBeforeTaxRatio': 0.26205176759258025,
  'incomeTaxExpense': 3303000000,
  'netIncome': 16348000000,
  'netIncomeRatio': 0.21800530744509194,
  'eps': 1.179667383443768,
  'epsdiluted': 1.179667383443768,
  'weightedAverageShsOut': 13696235400,
  'weightedAverageShsOutDil': 13858143600,
  'link': 'https://www.sec.gov/Archives/edgar/data/1652044/000165204416000012/goog10-k2015.htm',
  'finalLink': 'https://www.sec.gov/Archives/edgar/data/1652044/000165204416000012/goog10-k2015.htm'},
 {'date': '2014-12-31',
  'symbol': 'GOOG',
  'reportedCurrency': 'USD',
  'cik': '0001652044',
  'fillingDate': '2014-12-31',
  'acceptedDate': '2014-12-31',
  'calendarYear': '2014',
  'period': 'FY',
  'revenue': 66001000000,
  'costOfRevenue': 25691000000,
  'grossProfit': 40310000000,
  'grossProfitRatio': 0.6107483219951213,
  'researchAndDevelopmentExpenses': 9832000000,
  'generalAndAdministrativeExpenses': 5851000000,
  'sellingAndMarketingExpenses': 8131000000,
  'sellingGeneralAndAdministrativeExpenses': 13982000000,
  'otherExpenses': 0.0,
  'operatingExpenses': 23814000000,
  'costAndExpenses': 49505000000,
  'interestIncome': 746000000,
  'interestExpense': 101000000,
  'depreciationAndAmortization': 4979000000,
  'ebitda': 22855000000,
  'ebitdaratio': 0.3462826320813321,
  'operatingIncome': 16496000000,
  'operatingIncomeRatio': 0.24993560703625703,
  'totalOtherIncomeExpensesNet': 763000000,
  'incomeBeforeTax': 17259000000,
  'incomeBeforeTaxRatio': 0.2614960379388191,
  'incomeTaxExpense': 3331000000,
  'netIncome': 14444000000,
  'netIncomeRatio': 0.2188451690125907,
  'eps': 1.0511301614100454,
  'epsdiluted': 1.0511301614100454,
  'weightedAverageShsOut': 13518700000,
  'weightedAverageShsOutDil': 13741400000,
  'link': '',
  'finalLink': ''},
 {'date': '2013-12-31',
  'symbol': 'GOOG',
  'reportedCurrency': 'USD',
  'cik': '0001652044',
  'fillingDate': '2013-12-31',
  'acceptedDate': '2013-12-31',
  'calendarYear': '2013',
  'period': 'FY',
  'revenue': 59825000000,
  'costOfRevenue': 25858000000,
  'grossProfit': 33967000000,
  'grossProfitRatio': 0.567772670288341,
  'researchAndDevelopmentExpenses': 7952000000,
  'generalAndAdministrativeExpenses': 4796000000,
  'sellingAndMarketingExpenses': 7253000000,
  'sellingGeneralAndAdministrativeExpenses': 12049000000,
  'otherExpenses': 0.0,
  'operatingExpenses': 20001000000,
  'costAndExpenses': 45859000000,
  'interestIncome': 785000000,
  'interestExpense': 83000000,
  'depreciationAndAmortization': 3939000000,
  'ebitda': 19224000000,
  'ebitdaratio': 0.32133723359799415,
  'operatingIncome': 13966000000,
  'operatingIncomeRatio': 0.23344755536982867,
  'totalOtherIncomeExpensesNet': 530000000,
  'incomeBeforeTax': 14496000000,
  'incomeBeforeTaxRatio': 0.2423067279565399,
  'incomeTaxExpense': 2282000000,
  'netIncome': 12920000000,
  'netIncomeRatio': 0.21596322607605517,
  'eps': 0.9542632200520719,
  'epsdiluted': 0.9542632200520719,
  'weightedAverageShsOut': 13300952200,
  'weightedAverageShsOutDil': 13539241300,
  'link': '',
  'finalLink': ''},
 {'date': '2012-12-31',
  'symbol': 'GOOG',
  'reportedCurrency': 'USD',
  'cik': '0001652044',
  'fillingDate': '2012-12-31',
  'acceptedDate': '2012-12-31',
  'calendarYear': '2012',
  'period': 'FY',
  'revenue': 50175000000,
  'costOfRevenue': 20634000000,
  'grossProfit': 29541000000,
  'grossProfitRatio': 0.5887593423019432,
  'researchAndDevelopmentExpenses': 6793000000,
  'generalAndAdministrativeExpenses': 3845000000,
  'sellingAndMarketingExpenses': 6143000000,
  'sellingGeneralAndAdministrativeExpenses': 9988000000,
  'otherExpenses': 0.0,
  'operatingExpenses': 16781000000,
  'costAndExpenses': 37415000000,
  'interestIncome': 713000000,
  'interestExpense': 84000000,
  'depreciationAndAmortization': 2962000000,
  'ebitda': 16381000000,
  'ebitdaratio': 0.3264773293472845,
  'operatingIncome': 12760000000,
  'operatingIncomeRatio': 0.2543099152964624,
  'totalOtherIncomeExpensesNet': 626000000,
  'incomeBeforeTax': 13386000000,
  'incomeBeforeTaxRatio': 0.2667862481315396,
  'incomeTaxExpense': 2598000000,
  'netIncome': 10737000000,
  'netIncomeRatio': 0.21399103139013453,
  'eps': 0.8085496377568852,
  'epsdiluted': 0.8085496377568852,
  'weightedAverageShsOut': 13075850300,
  'weightedAverageShsOutDil': 13279333140,
  'link': '',
  'finalLink': ''},
 {'date': '2011-12-31',
  'symbol': 'GOOG',
  'reportedCurrency': 'USD',
  'cik': '0001652044',
  'fillingDate': '2011-12-31',
  'acceptedDate': '2011-12-31',
  'calendarYear': '2011',
  'period': 'FY',
  'revenue': 37905000000,
  'costOfRevenue': 13188000000,
  'grossProfit': 24717000000,
  'grossProfitRatio': 0.6520775623268698,
  'researchAndDevelopmentExpenses': 5162000000,
  'generalAndAdministrativeExpenses': 3224000000,
  'sellingAndMarketingExpenses': 4589000000,
  'sellingGeneralAndAdministrativeExpenses': 7813000000,
  'otherExpenses': 0.0,
  'operatingExpenses': 12975000000,
  'costAndExpenses': 26163000000,
  'interestIncome': 812000000,
  'interestExpense': 58000000,
  'depreciationAndAmortization': 1851000000,
  'ebitda': 14235000000,
  'ebitdaratio': 0.37554412346656113,
  'operatingIncome': 11742000000,
  'operatingIncomeRatio': 0.3097744360902256,
  'totalOtherIncomeExpensesNet': 584000000,
  'incomeBeforeTax': 12326000000,
  'incomeBeforeTaxRatio': 0.3251813744888537,
  'incomeTaxExpense': 2589000000,
  'netIncome': 9737000000,
  'netIncomeRatio': 0.25687903970452447,
  'eps': 0.7446529304231099,
  'epsdiluted': 0.7446529304231099,
  'weightedAverageShsOut': 12898622020,
  'weightedAverageShsOutDil': 13075890260,
  'link': '',
  'finalLink': ''},
 {'date': '2010-12-31',
  'symbol': 'GOOG',
  'reportedCurrency': 'USD',
  'cik': '0001652044',
  'fillingDate': '2010-12-31',
  'acceptedDate': '2010-12-31',
  'calendarYear': '2010',
  'period': 'FY',
  'revenue': 29321000000,
  'costOfRevenue': 10417000000,
  'grossProfit': 18904000000,
  'grossProfitRatio': 0.6447256232734218,
  'researchAndDevelopmentExpenses': 3762000000,
  'generalAndAdministrativeExpenses': 1962000000,
  'sellingAndMarketingExpenses': 2799000000,
  'sellingGeneralAndAdministrativeExpenses': 4761000000,
  'otherExpenses': 0.0,
  'operatingExpenses': 8523000000,
  'costAndExpenses': 18940000000,
  'interestIncome': 579000000,
  'interestExpense': 0.0,
  'depreciationAndAmortization': 1396000000,
  'ebitda': 12192000000,
  'ebitdaratio': 0.4158111933426554,
  'operatingIncome': 10381000000,
  'operatingIncomeRatio': 0.35404658776985776,
  'totalOtherIncomeExpensesNet': 415000000,
  'incomeBeforeTax': 10796000000,
  'incomeBeforeTaxRatio': 0.36820026602094064,
  'incomeTaxExpense': 2291000000,
  'netIncome': 8505000000,
  'netIncomeRatio': 0.29006514102520375,
  'eps': 0.6584079258807043,
  'epsdiluted': 0.6584079258807043,
  'weightedAverageShsOut': 12735739840,
  'weightedAverageShsOutDil': 12917523720,
  'link': '',
  'finalLink': ''},
 {'date': '2009-12-31',
  'symbol': 'GOOG',
  'reportedCurrency': 'USD',
  'cik': '0001652044',
  'fillingDate': '2009-12-31',
  'acceptedDate': '2009-12-31',
  'calendarYear': '2009',
  'period': 'FY',
  'revenue': 23650563000,
  'costOfRevenue': 8844115000,
  'grossProfit': 14806448000,
  'grossProfitRatio': 0.6260505511010457,
  'researchAndDevelopmentExpenses': 2843027000,
  'generalAndAdministrativeExpenses': 1667294000,
  'sellingAndMarketingExpenses': 1983941000,
  'sellingGeneralAndAdministrativeExpenses': 3651235000,
  'otherExpenses': 0.0,
  'operatingExpenses': 6494262000,
  'costAndExpenses': 15338377000,
  'interestIncome': 229673000,
  'interestExpense': 0.0,
  'depreciationAndAmortization': 1524308000,
  'ebitda': 9905497000,
  'ebitdaratio': 0.4188271120649432,
  'operatingIncome': 8312186000,
  'operatingIncomeRatio': 0.35145827183902556,
  'totalOtherIncomeExpensesNet': 69003000,
  'incomeBeforeTax': 8381189000,
  'incomeBeforeTaxRatio': 0.3543758768025945,
  'incomeTaxExpense': 1860741000,
  'netIncome': 6520448000,
  'netIncomeRatio': 0.27569948334845135,
  'eps': 0.5108358626197269,
  'epsdiluted': 0.5108358626197269,
  'weightedAverageShsOut': 12636595920,
  'weightedAverageShsOutDil': 12764272200,
  'link': '',
  'finalLink': ''},
 {'date': '2008-12-31',
  'symbol': 'GOOG',
  'reportedCurrency': 'USD',
  'cik': '0001652044',
  'fillingDate': '2008-12-31',
  'acceptedDate': '2008-12-31',
  'calendarYear': '2008',
  'period': 'FY',
  'revenue': 21795550000,
  'costOfRevenue': 8621506000,
  'grossProfit': 13174044000,
  'grossProfitRatio': 0.6044373278031525,
  'researchAndDevelopmentExpenses': 2793192000,
  'generalAndAdministrativeExpenses': 1802639000,
  'sellingAndMarketingExpenses': 1946244000,
  'sellingGeneralAndAdministrativeExpenses': 3748883000,
  'otherExpenses': 0.0,
  'operatingExpenses': 6542075000,
  'costAndExpenses': 15163581000,
  'interestIncome': 389533000,
  'interestExpense': 0.0,
  'depreciationAndAmortization': 1499887000,
  'ebitda': 7353483000,
  'ebitdaratio': 0.33738460373791895,
  'operatingIncome': 6631969000,
  'operatingIncomeRatio': 0.30428087384810204,
  'totalOtherIncomeExpensesNet': -778373000,
  'incomeBeforeTax': 5853596000,
  'incomeBeforeTaxRatio': 0.26856840043036306,
  'incomeTaxExpense': 1626738000,
  'netIncome': 4226858000,
  'netIncomeRatio': 0.19393215587585538,
  'eps': 0.3331312610644356,
  'epsdiluted': 0.3331312610644356,
  'weightedAverageShsOut': 12546203500,
  'weightedAverageShsOutDil': 12688265840,
  'link': '',
  'finalLink': ''},
 {'date': '2007-12-31',
  'symbol': 'GOOG',
  'reportedCurrency': 'USD',
  'cik': '0001652044',
  'fillingDate': '2007-12-31',
  'acceptedDate': '2007-12-31',
  'calendarYear': '2007',
  'period': 'FY',
  'revenue': 16593986000,
  'costOfRevenue': 6649085000,
  'grossProfit': 9944901000,
  'grossProfitRatio': 0.5993075443115355,
  'researchAndDevelopmentExpenses': 2119985000,
  'generalAndAdministrativeExpenses': 1279250000,
  'sellingAndMarketingExpenses': 1461266000,
  'sellingGeneralAndAdministrativeExpenses': 2740516000,
  'otherExpenses': 0.0,
  'operatingExpenses': 4860501000,
  'costAndExpenses': 11509586000,
  'interestIncome': 559205000,
  'interestExpense': 1203000.0,
  'depreciationAndAmortization': 967658000,
  'ebitda': 6642841000,
  'ebitdaratio': 0.400316174787661,
  'operatingIncome': 5084400000,
  'operatingIncomeRatio': 0.30640016208281723,
  'totalOtherIncomeExpensesNet': 589580000,
  'incomeBeforeTax': 5673980000,
  'incomeBeforeTaxRatio': 0.3419299015920587,
  'incomeTaxExpense': 1470260000,
  'netIncome': 4203720000,
  'netIncomeRatio': 0.2533279225377194,
  'eps': 0.3326739466409609,
  'epsdiluted': 0.3326739466409609,
  'weightedAverageShsOut': 12420205580,
  'weightedAverageShsOutDil': 12636156340,
  'link': '',
  'finalLink': ''},
 {'date': '2006-12-31',
  'symbol': 'GOOG',
  'reportedCurrency': 'USD',
  'cik': '0001652044',
  'fillingDate': '2006-12-31',
  'acceptedDate': '2006-12-31',
  'calendarYear': '2006',
  'period': 'FY',
  'revenue': 10604917000,
  'costOfRevenue': 4225027000,
  'grossProfit': 6379890000,
  'grossProfitRatio': 0.6015973533786262,
  'researchAndDevelopmentExpenses': 1228589000,
  'generalAndAdministrativeExpenses': 0.0,
  'sellingAndMarketingExpenses': 0.0,
  'sellingGeneralAndAdministrativeExpenses': 1601305000,
  'otherExpenses': 0.0,
  'operatingExpenses': 2829894000,
  'costAndExpenses': 7054921000,
  'interestIncome': 0.0,
  'interestExpense': 0.0,
  'depreciationAndAmortization': 571939000,
  'ebitda': 4582979000,
  'ebitdaratio': 0.43215604610578284,
  'operatingIncome': 3549996000,
  'operatingIncomeRatio': 0.33475000322963394,
  'totalOtherIncomeExpensesNet': 461044000,
  'incomeBeforeTax': 4011040000,
  'incomeBeforeTaxRatio': 0.37822455376124114,
  'incomeTaxExpense': 933594000,
  'netIncome': 3077446000,
  'netIncomeRatio': 0.2901904842819609,
  'eps': 0.24874078094517682,
  'epsdiluted': 0.24874078094517682,
  'weightedAverageShsOut': 12044924720,
  'weightedAverageShsOutDil': 12372100740,
  'link': '',
  'finalLink': ''},
 {'date': '2005-12-31',
  'symbol': 'GOOG',
  'reportedCurrency': 'USD',
  'cik': '0001652044',
  'fillingDate': '2005-12-31',
  'acceptedDate': '2005-12-31',
  'calendarYear': '2005',
  'period': 'FY',
  'revenue': 6138560000,
  'costOfRevenue': 2571509000,
  'grossProfit': 3567051000,
  'grossProfitRatio': 0.5810892131053537,
  'researchAndDevelopmentExpenses': 483978000,
  'generalAndAdministrativeExpenses': 0.0,
  'sellingAndMarketingExpenses': 0.0,
  'sellingGeneralAndAdministrativeExpenses': 975795000,
  'otherExpenses': 90000000,
  'operatingExpenses': 1549773000,
  'costAndExpenses': 4121282000,
  'interestIncome': 0.0,
  'interestExpense': 0.0,
  'depreciationAndAmortization': 293812000,
  'ebitda': 2435489000,
  'ebitdaratio': 0.3967524956993171,
  'operatingIncome': 2017278000,
  'operatingIncomeRatio': 0.32862397695876555,
  'totalOtherIncomeExpensesNet': 124399000,
  'incomeBeforeTax': 2141677000,
  'incomeBeforeTaxRatio': 0.3488891531564406,
  'incomeTaxExpense': 676280000,
  'netIncome': 1465397000,
  'netIncomeRatio': 0.2387199929625189,
  'eps': 0.1256378506729649,
  'epsdiluted': 0.1256378506729649,
  'weightedAverageShsOut': 11023079320,
  'weightedAverageShsOutDil': 11663658620,
  'link': '',
  'finalLink': ''},
 {'date': '2004-12-31',
  'symbol': 'GOOG',
  'reportedCurrency': 'USD',
  'cik': '0001652044',
  'fillingDate': '2004-12-31',
  'acceptedDate': '2004-12-31',
  'calendarYear': '2004',
  'period': 'FY',
  'revenue': 3189223000,
  'costOfRevenue': 1457653000,
  'grossProfit': 1731570000,
  'grossProfitRatio': 0.5429441591259062,
  'researchAndDevelopmentExpenses': 225632000,
  'generalAndAdministrativeExpenses': 0.0,
  'sellingAndMarketingExpenses': 0.0,
  'sellingGeneralAndAdministrativeExpenses': 664746000,
  'otherExpenses': 201000000,
  'operatingExpenses': 1091378000,
  'costAndExpenses': 2549031000,
  'interestIncome': 0.0,
  'interestExpense': 0.0,
  'depreciationAndAmortization': 148473000,
  'ebitda': 798707000,
  'ebitdaratio': 0.2504393703419297,
  'operatingIncome': 640192000,
  'operatingIncomeRatio': 0.20073604134925654,
  'totalOtherIncomeExpensesNet': 10042000,
  'incomeBeforeTax': 650234000,
  'incomeBeforeTaxRatio': 0.20388477067925323,
  'incomeTaxExpense': 251115000,
  'netIncome': 399119000,
  'netIncomeRatio': 0.12514615628947867,
  'eps': 0.036614144887264305,
  'epsdiluted': 0.036614144887264305,
  'weightedAverageShsOut': 7719560220,
  'weightedAverageShsOutDil': 10900677900,
  'link': '',
  'finalLink': ''},
 {'date': '2003-12-31',
  'symbol': 'GOOG',
  'reportedCurrency': 'USD',
  'cik': '0001652044',
  'fillingDate': '2003-12-31',
  'acceptedDate': '2003-12-31',
  'calendarYear': '2003',
  'period': 'FY',
  'revenue': 1465934000,
  'costOfRevenue': 625854000,
  'grossProfit': 840080000,
  'grossProfitRatio': 0.5730680917421931,
  'researchAndDevelopmentExpenses': 91228000,
  'generalAndAdministrativeExpenses': 0.0,
  'sellingAndMarketingExpenses': 0.0,
  'sellingGeneralAndAdministrativeExpenses': 406388000,
  'otherExpenses': 0.0,
  'operatingExpenses': 497616000,
  'costAndExpenses': 1123470000,
  'interestIncome': 0.0,
  'interestExpense': 0.0,
  'depreciationAndAmortization': 55049000,
  'ebitda': 401703000,
  'ebitdaratio': 0.2740252971825471,
  'operatingIncome': 342464000,
  'operatingIncomeRatio': 0.23361488307113418,
  'totalOtherIncomeExpensesNet': 4190000.0,
  'incomeBeforeTax': 346654000,
  'incomeBeforeTaxRatio': 0.23647312907675244,
  'incomeTaxExpense': 241006000,
  'netIncome': 105648000,
  'netIncomeRatio': 0.07206872887865347,
  'eps': 0.010301510934294076,
  'epsdiluted': 0.010301510934294076,
  'weightedAverageShsOut': 5502548360,
  'weightedAverageShsOutDil': 10255582960,
  'link': '',
  'finalLink': ''},
 {'date': '2002-12-31',
  'symbol': 'GOOG',
  'reportedCurrency': 'USD',
  'cik': '0001652044',
  'fillingDate': '2002-12-31',
  'acceptedDate': '2002-12-31',
  'calendarYear': '2002',
  'period': 'FY',
  'revenue': 439508000,
  'costOfRevenue': 131510000,
  'grossProfit': 307998000,
  'grossProfitRatio': 0.7007790529410158,
  'researchAndDevelopmentExpenses': 31748000,
  'generalAndAdministrativeExpenses': 0.0,
  'sellingAndMarketingExpenses': 0.0,
  'sellingGeneralAndAdministrativeExpenses': 89784000,
  'otherExpenses': 0.0,
  'operatingExpenses': 121532000,
  'costAndExpenses': 253042000,
  'interestIncome': 0.0,
  'interestExpense': 0.0,
  'depreciationAndAmortization': 28983000,
  'ebitda': 213898000,
  'ebitdaratio': 0.4866760104480464,
  'operatingIncome': 186466000,
  'operatingIncomeRatio': 0.4242607643091821,
  'totalOtherIncomeExpensesNet': -1551000.0,
  'incomeBeforeTax': 184915000,
  'incomeBeforeTaxRatio': 0.4207318183059239,
  'incomeTaxExpense': 85259000,
  'netIncome': 99656000,
  'netIncomeRatio': 0.22674445061295811,
  'eps': 0.009717243806489573,
  'epsdiluted': 0.009717243806489573,
  'weightedAverageShsOut': 5502548360,
  'weightedAverageShsOutDil': 10255582960,
  'link': '',
  'finalLink': ''},
 {'date': '2001-12-31',
  'symbol': 'GOOG',
  'reportedCurrency': 'USD',
  'cik': '0001652044',
  'fillingDate': '2001-12-31',
  'acceptedDate': '2001-12-31',
  'calendarYear': '2001',
  'period': 'FY',
  'revenue': 86426000,
  'costOfRevenue': 14228000,
  'grossProfit': 72198000,
  'grossProfitRatio': 0.8353736144215861,
  'researchAndDevelopmentExpenses': 16500000,
  'generalAndAdministrativeExpenses': 0.0,
  'sellingAndMarketingExpenses': 0.0,
  'sellingGeneralAndAdministrativeExpenses': 0.0,
  'otherExpenses': 0.0,
  'operatingExpenses': 16500000,
  'costAndExpenses': 30728000,
  'interestIncome': 0.0,
  'interestExpense': 0.0,
  'depreciationAndAmortization': 0.0,
  'ebitda': 10068000,
  'ebitdaratio': 0.11649272209751695,
  'operatingIncome': 10964000,
  'operatingIncomeRatio': 0.12685997269340246,
  'totalOtherIncomeExpensesNet': -896000.0,
  'incomeBeforeTax': 10068000,
  'incomeBeforeTaxRatio': 0.11649272209751695,
  'incomeTaxExpense': 3083000.0,
  'netIncome': 6985000.0,
  'netIncomeRatio': 0.08082058639761183,
  'eps': 0.0009358493655360658,
  'epsdiluted': 0.0009358493655360658,
  'weightedAverageShsOut': 3777260060,
  'weightedAverageShsOutDil': 7463808020,
  'link': '',
  'finalLink': ''},
 {'date': '2000-12-31',
  'symbol': 'GOOG',
  'reportedCurrency': 'USD',
  'cik': '0001652044',
  'fillingDate': '2000-12-31',
  'acceptedDate': '2000-12-31',
  'calendarYear': '2000',
  'period': 'FY',
  'revenue': 19108000,
  'costOfRevenue': 6081000.0,
  'grossProfit': 13027000,
  'grossProfitRatio': 0.6817563324262089,
  'researchAndDevelopmentExpenses': 10516000,
  'generalAndAdministrativeExpenses': 14742000,
  'sellingAndMarketingExpenses': 0.0,
  'sellingGeneralAndAdministrativeExpenses': 14742000,
  'otherExpenses': 2506000.0,
  'operatingExpenses': 27764000,
  'costAndExpenses': 33845000,
  'interestIncome': 0.0,
  'interestExpense': 0.0,
  'depreciationAndAmortization': 0.0,
  'ebitda': -14690000,
  'ebitdaratio': -0.7687879422231526,
  'operatingIncome': -14737000,
  'operatingIncomeRatio': -0.7712476449654595,
  'totalOtherIncomeExpensesNet': 47000.0,
  'incomeBeforeTax': -14690000,
  'incomeBeforeTaxRatio': -0.7687879422231526,
  'incomeTaxExpense': 0.0,
  'netIncome': -14690000,
  'netIncomeRatio': -0.7687879422231526,
  'eps': -0.005484035126316405,
  'epsdiluted': -0.005484035126316405,
  'weightedAverageShsOut': 2678684520,
  'weightedAverageShsOutDil': 2678684520,
  'link': '',
  'finalLink': ''}]
````

### Creation of the database

We are going to create the database :

#### The dict

We want to create a dict with all the data, each element start with his name :

Code :

````python

databaseWB = {}

single = ["Ticker","Sector","Country","Name of company"]
annual = ["Revenue","Cost of revenue","Net income","Total liabilities","Total assets","Cash and cash equivalents"
   ,"Research and development expenses","Retained earnings","Operating expenses","Total stockholders equity","Common stock number"]

for i in single:
    databaseWB[i]=[i]

for i in annual:
   for i2 in range(10):
      databaseWB[i+f" n-{i2}"]=[i+f" n-{i2}"]

````

Output :

````python

{'Ticker': ['Ticker'],
 'Sector': ['Sector'],
 'Country': ['Country'],
 'Name of company': ['Name of company'],
 'Revenue n-0': ['Revenue n-0'],
 'Revenue n-1': ['Revenue n-1'],
 'Revenue n-2': ['Revenue n-2'],
 'Revenue n-3': ['Revenue n-3'],
 'Revenue n-4': ['Revenue n-4'],
 'Revenue n-5': ['Revenue n-5'],
 'Revenue n-6': ['Revenue n-6'],
 'Revenue n-7': ['Revenue n-7'],
 'Revenue n-8': ['Revenue n-8'],
 'Revenue n-9': ['Revenue n-9'],
 'Cost of revenue n-0': ['Cost of revenue n-0'],
 'Cost of revenue n-1': ['Cost of revenue n-1'],
 'Cost of revenue n-2': ['Cost of revenue n-2'],
 'Cost of revenue n-3': ['Cost of revenue n-3'],
 'Cost of revenue n-4': ['Cost of revenue n-4'],
 'Cost of revenue n-5': ['Cost of revenue n-5'],
 'Cost of revenue n-6': ['Cost of revenue n-6'],
 'Cost of revenue n-7': ['Cost of revenue n-7'],
 'Cost of revenue n-8': ['Cost of revenue n-8'],
 'Cost of revenue n-9': ['Cost of revenue n-9'],
 'Net income n-0': ['Net income n-0'],
 'Net income n-1': ['Net income n-1'],
 'Net income n-2': ['Net income n-2'],
 'Net income n-3': ['Net income n-3'],
 'Net income n-4': ['Net income n-4'],
 'Net income n-5': ['Net income n-5'],
 'Net income n-6': ['Net income n-6'],
 'Net income n-7': ['Net income n-7'],
 'Net income n-8': ['Net income n-8'],
 'Net income n-9': ['Net income n-9'],
 'Total liabilities n-0': ['Total liabilities n-0'],
 'Total liabilities n-1': ['Total liabilities n-1'],
 'Total liabilities n-2': ['Total liabilities n-2'],
 'Total liabilities n-3': ['Total liabilities n-3'],
 'Total liabilities n-4': ['Total liabilities n-4'],
 'Total liabilities n-5': ['Total liabilities n-5'],
 'Total liabilities n-6': ['Total liabilities n-6'],
 'Total liabilities n-7': ['Total liabilities n-7'],
 'Total liabilities n-8': ['Total liabilities n-8'],
 'Total liabilities n-9': ['Total liabilities n-9'],
 'Total assets n-0': ['Total assets n-0'],
 'Total assets n-1': ['Total assets n-1'],
 'Total assets n-2': ['Total assets n-2'],
 'Total assets n-3': ['Total assets n-3'],
 'Total assets n-4': ['Total assets n-4'],
 'Total assets n-5': ['Total assets n-5'],
 'Total assets n-6': ['Total assets n-6'],
 'Total assets n-7': ['Total assets n-7'],
 'Total assets n-8': ['Total assets n-8'],
 'Total assets n-9': ['Total assets n-9'],
 'Cash and cash equivalents n-0': ['Cash and cash equivalents n-0'],
 'Cash and cash equivalents n-1': ['Cash and cash equivalents n-1'],
 'Cash and cash equivalents n-2': ['Cash and cash equivalents n-2'],
 'Cash and cash equivalents n-3': ['Cash and cash equivalents n-3'],
 'Cash and cash equivalents n-4': ['Cash and cash equivalents n-4'],
 'Cash and cash equivalents n-5': ['Cash and cash equivalents n-5'],
 'Cash and cash equivalents n-6': ['Cash and cash equivalents n-6'],
 'Cash and cash equivalents n-7': ['Cash and cash equivalents n-7'],
 'Cash and cash equivalents n-8': ['Cash and cash equivalents n-8'],
 'Cash and cash equivalents n-9': ['Cash and cash equivalents n-9'],
 'Research and development expenses n-0': ['Research and development expenses n-0'],
 'Research and development expenses n-1': ['Research and development expenses n-1'],
 'Research and development expenses n-2': ['Research and development expenses n-2'],
 'Research and development expenses n-3': ['Research and development expenses n-3'],
 'Research and development expenses n-4': ['Research and development expenses n-4'],
 'Research and development expenses n-5': ['Research and development expenses n-5'],
 'Research and development expenses n-6': ['Research and development expenses n-6'],
 'Research and development expenses n-7': ['Research and development expenses n-7'],
 'Research and development expenses n-8': ['Research and development expenses n-8'],
 'Research and development expenses n-9': ['Research and development expenses n-9'],
 'Retained earnings n-0': ['Retained earnings n-0'],
 'Retained earnings n-1': ['Retained earnings n-1'],
 'Retained earnings n-2': ['Retained earnings n-2'],
 'Retained earnings n-3': ['Retained earnings n-3'],
 'Retained earnings n-4': ['Retained earnings n-4'],
 'Retained earnings n-5': ['Retained earnings n-5'],
 'Retained earnings n-6': ['Retained earnings n-6'],
 'Retained earnings n-7': ['Retained earnings n-7'],
 'Retained earnings n-8': ['Retained earnings n-8'],
 'Retained earnings n-9': ['Retained earnings n-9'],
 'Operating expenses n-0': ['Operating expenses n-0'],
 'Operating expenses n-1': ['Operating expenses n-1'],
 'Operating expenses n-2': ['Operating expenses n-2'],
 'Operating expenses n-3': ['Operating expenses n-3'],
 'Operating expenses n-4': ['Operating expenses n-4'],
 'Operating expenses n-5': ['Operating expenses n-5'],
 'Operating expenses n-6': ['Operating expenses n-6'],
 'Operating expenses n-7': ['Operating expenses n-7'],
 'Operating expenses n-8': ['Operating expenses n-8'],
 'Operating expenses n-9': ['Operating expenses n-9'],
 'Total stockholders equity n-0': ['Total stockholders equity n-0'],
 'Total stockholders equity n-1': ['Total stockholders equity n-1'],
 'Total stockholders equity n-2': ['Total stockholders equity n-2'],
 'Total stockholders equity n-3': ['Total stockholders equity n-3'],
 'Total stockholders equity n-4': ['Total stockholders equity n-4'],
 'Total stockholders equity n-5': ['Total stockholders equity n-5'],
 'Total stockholders equity n-6': ['Total stockholders equity n-6'],
 'Total stockholders equity n-7': ['Total stockholders equity n-7'],
 'Total stockholders equity n-8': ['Total stockholders equity n-8'],
 'Total stockholders equity n-9': ['Total stockholders equity n-9'],
 'Common stock number n-0': ['Common stock number n-0'],
 'Common stock number n-1': ['Common stock number n-1'],
 'Common stock number n-2': ['Common stock number n-2'],
 'Common stock number n-3': ['Common stock number n-3'],
 'Common stock number n-4': ['Common stock number n-4'],
 'Common stock number n-5': ['Common stock number n-5'],
 'Common stock number n-6': ['Common stock number n-6'],
 'Common stock number n-7': ['Common stock number n-7'],
 'Common stock number n-8': ['Common stock number n-8'],
 'Common stock number n-9': ['Common stock number n-9']}

````

Now that we have a dict proper set, we need to fill it with our data.

````python

Tickers = ["AAPL","GOOG"]

for i in Tickers:
   try:
      link1 = dict(get_jsonparsed_data(f"https://financialmodelingprep.com/api/v3/profile/{i}?apikey=ce82b6a14287d6b24fdcaf5468401b12"))
      link2 = dict(get_jsonparsed_data(f"https://financialmodelingprep.com/api/v3/income-statement/{i}?apikey=ce82b6a14287d6b24fdcaf5468401b12"))
      link3 = dict(get_jsonparsed_data(f"https://financialmodelingprep.com/api/v3/balance-sheet-statement/{i}?apikey=ce82b6a14287d6b24fdcaf5468401b12&limit=120"))
      link4 = dict(get_jsonparsed_data(f"https://financialmodelingprep.com/api/v3/income-statement/{i}?limit=120&apikey=ce82b6a14287d6b24fdcaf5468401b12"))
   except:
      pass

````